2620 4258
211 217 266 263 26⁸
385 215 544 261 nxrosfflo
566 214 744 266 uernoolca
766 215 849 258 touls
872 213 1028 258 CANONIGI.

210 337 351 414 gendum
364 339 411 395 est
428 351 435 396 :
450 335 589 412 populus
603 333 642 394 ad
656 332 822 411 eligendos
835 331 1011 409 Episcopos
1025 348 1200 393 concurre·

210 429 265 494 bat
290 431 506 510 postulatione
540 435 572 492 et
595 429 688 492 bonae
713 429 785 490 vitae
808 429 1011 491 testimoniis.
1038 429 1201 490 Nimirum

209 529 292 606 apud
307 527 436 606 plebem
450 527 656 588 christianam
674 530 742 588 erat
756 527 887 588 facultas
900 543 974 586 eum
992 527 1199 606 proponendi

210 643 306 706 quem
321 625 446 686 muneri
463 625 637 704 episcopali
652 615 822 704 aptiorem,
838 625 886 684 vel
900 623 961 684 sibi
976 623 1198 702 acceptiorem

210 723 393 784 aestimaret.
424 723 618 784 Testimonia
632 722 744 802 populi
758 721 906 784 vincebat
925 721 1115 783 auctoritate
1138 723 1199 782 sul-

207 820 343 900 fragium
356 821 444 895 cleri,
462 821 516 900 qui
530 838 644 882 novam
666 837 811 899 personae
841 819 1100 898 designationem
1125 837 1199 898 pro-

208 935 323 979 vocare
333 921 469 996 poterat.
482 917 616 995 Utrique
630 916 792 978 eminebat
807 921 947 1002 potestas
960 916 1198 994 Episcoporum

208 1015 382 1094 provinciae
397 1014 785 1100 synodioecollectcrum,
799 1014 958 1076 vctacleri
973 1019 1003 1074 et
1014 1013 1129 1092 populi
1140 1030 1198 1073 au-

211 1112 379 1188 dientium,
409 1111 606 1187 limantium,
632 1130 719 1174 nunc
736 1112 954 1191 probantium,
970 1129 1058 1172 nunc
1072 1111 1198 1188 impro-

209 1209 354 1271 bantium
368 1229 376 1283 3
392 1208 453 1288 ipsi
476 1210 710 1271 concludebant
735 1210 925 1272 electionem
947 1227 965 1268 a
992 1209 1197 1288 Metropolita
1286 1245 1287 1250 κ

209 1307 473 1368 confirmandam.
489 1340 529 1352 -
545 1309 691 1370 Jamrero
704 1307 790 1367 aliud
809 1313 856 1368 est
874 1307 1001 1385 eligere,
1018 1307 1102 1367 aliud
1119 1325 1197 1384 pos·
1272 1305 1287 1398 ¹J

210 1405 310 1466 tulare
326 1409 358 1465 et
376 1403 597 1465 testimonium
612 1405 756 1466 reddere.
775 1406 883 1483 Neque
899 1404 985 1464 enim
1005 1403 1059 1482 qui
1070 1403 1195 1464 bonum

209 1500 430 1565 testimonium
458 1520 516 1580 pro
540 1502 646 1580 aliquo
673 1501 790 1577 reddit,
822 1503 871 1562 vel
902 1518 975 1562 eum
999 1501 1073 1578 eligi
1098 1501 1193 1580 petit,
1286 1551 1287 1586 ,

118 1587 119 1591 ’
209 1598 314 1660 eidem
327 1617 437 1660 verum
445 1599 496 1678 jus
510 1601 550 1660 ad
567 1599 757 1678 dignitatem
770 1599 979 1660 obtinendam
990 1597 1120 1672 tribuit;
1140 1601 1193 1660 sed

208 1700 333 1756 tantum
345 1697 503 1757 laudantis
518 1698 566 1757 vel
578 1697 775 1758 obsecrantis
789 1714 958 1775 personam
969 1697 1061 1776 gerit.
1079 1697 1195 1758 Contra
1286 1691 1287 1766 l

209 1791 383 1853 dicendum
399 1799 446 1854 est
460 1794 500 1854 de
518 1794 556 1854 iis
571 1795 626 1872 qui
641 1795 783 1874 eligunt3
806 1795 860 1874 qui
882 1795 968 1856 enim
986 1793 1084 1872 eligit,
1100 1810 1195 1855 cano·
1286 1775 1287 1834 ἶ

207 1887 428 1950 nicevocatad
444 1879 644 1968 dignitatem.
670 1892 809 1954 Proinde
824 1893 945 1972 populo
959 1907 1122 1969 nunquam
1135 1889 1194 1950 tri·
1286 1901 1287 1964 ξ

209 1983 324 2045 butum
335 1985 395 2045 fuit
414 1985 465 2062 jus
483 1987 648 2049 electionis
670 1989 801 2066 proprie
821 1989 928 2065 dictae,
944 1991 999 2052 sed
1016 1992 1140 2050 tantum
1161 1987 1190 2049 ei
1286 2015 1287 2020 ¹

207 2096 360 2142 concessa
373 2085 420 2142 est
435 2082 599 2144 interdum
612 2085 746 2146 facultas
758 2086 952 2164 postulandi,
970 2090 1024 2146 aut
1042 2085 1190 2146 testimo-

206 2177 296 2241 uium
309 2178 445 2240 ferendi.

228 2339 231 2344 ,
246 2275 353 2353 Aliqui
366 2277 565 2340 contendunt
588 2235 679 2342 suam
704 2283 825 2360 populo
839 2281 1010 2360 partemin
1026 2279 1190 2342 electioni·
1225 2267 1256 2344 ,.’

206 2371 263 2432 bus
277 2372 484 2434 tribuendam
504 2391 573 2438 esse
584 2375 656 2456 jure
672 2377 799 2454 divin0;
816 2379 968 2458 injuriam
990 2377 1078 2456 plebi
1090 2377 1188 2438 inisse

206 2465 333 2541 factam,
360 2469 437 2528 dum
456 2485 494 2530 eo
515 2469 587 2548 jure
608 2471 730 2550 privata
754 2479 822 2547 est;
847 2479 1037 2552 potestatem
1061 2472 1189 2534 civilem
1286 2527 1287 2536 2

204 2565 335 2628 nomine
351 2566 461 2644 populi
472 2567 523 2644 jus
538 2569 677 2648 eligendi
699 2569 874 2650 Episcopos
902 2571 1017 2632 merito
1039 2569 1097 2632 sibi
1119 2569 1188 2632 vin·
1286 2587 1287 2646 ξ

204 2662 325 2726 dicare.
355 2665 474 2726 verum
485 2665 537 2744 Jus
561 2667 640 2728 uua
665 2667 808 2730 divinum
828 2686 893 2730 non
918 2669 1035 2734 existo.
1059 2668 1188 2730 etenim
1286 2647 1287 2730 l

204 2761 235 2820 1⁰
261 2759 393 2838 probari
420 2763 532 2841 nequit
554 2781 659 2842 neque
674 2765 852 2844 Scriptura,
869 2783 974 2845 neque
993 2765 1184 2838 traditione;
1286 2809 1287 2852 Ε

203 2861 276 2918 sunt
294 2857 425 2936 quidem
441 2861 597 2940 exempla,
614 2863 737 2932 nullum
752 2864 904 2928 asseritur
916 2863 1031 2926 Christi
1044 2883 1187 2944 praeccp·
1286 2859 1287 2938 J

203 2958 285 3016 tum.
303 2956 336 3014 2⁰
353 2955 387 3016 si
398 2955 451 3034 jus
467 2957 609 3020 divinum
623 2959 787 3038 extitisset,
802 2962 915 3023 saltem
926 2961 1022 3024 initio
1032 2962 1186 3024 lioclesiae
1286 3039 1287 3044 ἵ

202 3067 329 3128 semper
344 3053 375 3112 et
390 3051 509 3130 ubique
523 3059 682 3118 servatum
695 3063 798 3132 esset3
817 3059 904 3138 atqui
920 3062 1045 3120 constat
1064 3059 1184 3120 erbis-1

198 3148 283 3210 toria
300 3148 507 3212 christianam
526 3153 654 3230 plebem
674 3155 708 3217 in
724 3155 933 3218 electionibus
951 3157 1118 3220 interdum
1131 3156 1186 3217 ad-

166 3299 169 3304 .
201 3243 342 3320 missam,
360 3246 524 3310 interdum
538 3251 691 3332 rejectam
706 3253 814 3314 luisse.

194 3402 203 3421 ‚
240 3342 499 3423 NonigiturJ'ure
512 3349 630 3423 divino,
646 3350 702 3410 sed
723 3350 921 3430 indulgentia
942 3351 1094 3414 Ecclesiae
1123 3338 1175 3414 sul

199 3437 335 3518 fragium
343 3435 453 3518 populi
463 3445 644 3509 adhibitum
656 3451 713 3524 est,
729 3452 798 3510 tum
808 3454 843 3511 ut
859 3454 1044 3512 arcerentur
1056 3449 1181 3528 indigni
1248 3488 1255 3502 ·

196 3542 229 3604 ,et
241 3535 354 3614 optimi
366 3537 592 3618 vulgoprobati
604 3544 808 3622 eligerentur,
819 3549 936 3608 tumne
948 3545 1183 3625 inritopopnlo
1286 3555 1287 3560 ’
