2620 4258
218 223 270 270 ill
383 221 538 268 sxroslrlo
560 220 737 268 unmoolca
757 221 840 268 tolus
863 220 1020 268 csuoulfll.

216 359 288 412 meo,
298 337 341 400 iti
352 357 416 399 sum
432 335 565 398 incredio
580 336 828 417 corumiMatth,
843 336 1005 416 xv111‚20).
1023 336 1087 415 lpsi
1105 339 1194 418 Apo-

217 437 423 516 stolipraxim
434 434 648 499 conciliorum
659 435 856 510 inducentes,
870 435 1085 498 conciliariter
1100 437 1195 498 dixe·

216 541 312 598 runt:
336 533 431 596 Visum
451 541 494 594 cst
506 531 639 614 Spiritui
654 539 753 594 sancto
767 541 797 594 et
807 531 925 593 nobas...
943 531 1039 611 (Act,
1053 549 1108 605 xv,
1127 533 1192 613 28).

218 635 338 696 (lactere
348 647 509 709 veroque
521 635 664 710 spectant
677 634 803 708 tempus
817 636 849 692 ct
863 631 995 692 modum
1007 631 1195 692 celebrandi

142 799 144 802 ,
218 730 366 804 concilia,
380 727 556 792 nonnisialr
566 728 707 790 Ecclesia
715 728 978 790 determinantur.
994 729 1197 808 Quapropter

218 829 252 888 in
265 827 463 890 institutione
487 825 697 888 conciliorum
711 825 879 904 disciplina
891 826 1035 888 imitatur
1048 827 1101 906 jus
1115 827 1199 888 divi-

219 941 316 990 num:
331 925 413 987 siout
426 924 511 986 enim
521 941 559 985 cx
575 925 736 985 voluntate
746 924 860 986 Christi
875 927 994 1004 'corpus
1013 923 1199 1003 episcopale
1306 991 1307 1010 ,

221 1025 364 1084 Romano
378 1021 524 1084 Pontifici
539 1038 664 1100 semper
677 1020 818 1082 adhaeret
831 1023 944 1084 saltem
953 1021 1110 1083 habituali
1119 1037 1198 1084 oon-

221 1137 326 1194 sensu,
341 1119 386 1179 ita
396 1118 588 1198 quandoque
607 1136 645 1180 en
663 1118 813 1180 Ecclesiae
832 1118 964 1180 arbitrio
981 1125 1200 1181 convocantur

222 1215 369 1290 concilia,
381 1221 416 1277 ut
425 1215 576 1296 Episcopi
590 1216 797 1278 actualiterin
808 1216 992 1278 unanimem
1005 1216 1198 1278 sententiam

221 1313 422 1376 conveniant.

260 1414 371 1490 ltaque
403 1411 511 1490 ajuro
542 1411 649 1474 divino
674 1411 832 1474 derivatur
856 1411 988 1474 facultas
1014 1411 1200 1474 celebrandi

222 1510 374 1584 concilia3
387 1509 478 1572 istius
490 1513 597 1572 autem
620 1509 777 1570 facultatis
792 1508 980 1570 exercitium
1003 1509 1044 1571 ab
1057 1511 1202 1573 Ecclesia

125 1611 127 1614 ’
222 1609 350 1686 pendet.
376 1610 452 1670 llaec
467 1613 514 1670 est
533 1607 619 1669 r'atio'
636 1623 694 1670 cur
708 1613 946 1670 controversum
963 1609 1072 1684 luerit,
1092 1614 1200 1672 utrum

227 1704 401 1768 concilium
411 1706 557 1784 generale
569 1705 609 1768 sit
619 1705 775 1768 institutio
790 1705 895 1767 divina
906 1707 954 1767 vel
965 1705 1195 1769 ecclesiastica.

262 1805 301 1864 ll.
320 1802 409 1884 Origo
426 1803 612 1864 conciliorum
630 1803 867 1882 particularium.
884 1835 924 1854 -ν-
938 1801 1123 1881 Disciplina,
1138 1805 1201 1866 Ec-

223 1899 393 1960 clesiarum
404 1901 644 1978 particularium
656 1901 789 1980 collegia
801 1899 978 1975 instituens,
995 1902 1201 1981 veluttypum

164 2055 168 2062 ,
224 1994 458 2073 hahuitcorpus
471 1997 661 2075 episcopale.
672 1999 797 2059 Etenim
807 1998 1081 2078 quemadmodum
1092 2013 1204 2060 omnes

225 2091 372 2170 Episcopi
385 2107 458 2152 oum
470 2094 506 2154 R.
522 2093 677 2155 Pontitioe
689 2095 887 2158 constituunt
898 2095 1076 2156 Ecclesiam
1089 2111 1203 2174 regen·

225 2193 303 2265 tem,
320 2189 363 2250 ita
377 2177 530 2269 Episcopi
541 2189 678 2256 nationis
693 2207 767 2254 cum
788 2193 970 2256 Patriarcha
983 2193 1032 2254 vel
1049 2192 1201 2267 Primate‚

225 2285 374 2366 Episcopi
385 2286 557 2366 provinciae
572 2287 646 2350 cum
660 2288 873 2368 Metropolim,
891 2288 1069 2369 presbyteri
1084 2290 1205 2351 dicece-

225 2383 292 2444 sani
308 2399 383 2445 cum
398 2384 557 2463 Episcopo
569 2389 721 2464 tanquam
739 2385 883 2447 membra
900 2403 974 2448 oum
988 2386 1093 2465 capite
1106 2403 1206 2448 unum

227 2499 342 2562 corpus
354 2481 507 2544 alliciunt.
521 2483 539 2544 J
542 2498 668 2546 amvero
682 2481 852 2562 collegium
869 2469 1014 2562 generale
1027 2483 1208 2562 Episcopo-

226 2596 298 2642 rum
320 2579 495 2642 efformavit
516 2578 653 2641 concilia
674 2579 887 2655 oecumeoioa3
908 2579 1006 2642 simili
1020 2579 1145 2641 ,ratione
1170 2577 1208 2638 in

226 2675 376 2738 Ecclesiis
398 2674 642 2754 particularibus
658 2676 793 2755 collegia
805 2678 971 2739 Pastorum
991 2679 1209 2740 convocantur

226 2775 265 2834 ad
274 2773 448 2836 concilium
461 2772 621 2836 nationale
631 2775 679 2838 vel
691 2775 894 2854 provinciale,
910 2776 958 2838 vel
969 2775 1203 2840 dioeoesanum.

265 2872 312 2932 Ex
328 2870 449 2932 ratione
469 2875 500 2932 et
526 2871 648 2950 origine
675 2871 885 2936 conciliorum
910 2873 1078 2952 colligitur
1096 2887 1209 2936 eorum

227 2968 365 3032 utilitas,

457 3134 462 3140 ,
547 3084 575 3136 2.
591 3083 691 3134 Utilitas
707 3081 880 3134 conciliorum.

268 3235 292 3294 Ι.
320 3229 444 3296 Consilii
455 3231 598 3312 generalis
609 3232 759 3298 arcessitos
774 3233 821 3294 vel
834 3231 946 3294 utilitas
957 3231 1010 3312 (l).

263 3400 295 3460 (l)
309 3399 421 3463 Phillips,
445 3401 485 3450 Du
502 3400 575 3451 droit
595 3401 779 3466 ecclc'aiustique
797 3400 862 3450 duas
872 3413 912 3450 ses
928 3397 1054 3464 principes
1070 3398 1212 3463 generans,

228 3477 326 3608 adli}
338 3481 378 3567 tlt.
394 3505 425 3518 -
439 3480 549 3545 Sumen,
562 3483 598 3532 lle
609 3481 706 3534 t’ctude
715 3481 759 3533 das
770 3481 883 3534 conules.
895 3507 927 3520 -
942 3480 1041 3542 Sibonr,
1054 3479 1218 3530 instituimus

250 3570 395 3608 aoccsomes.
