2620 4258
244 289 295 337 276
407 288 563 335 uxrosl'rlo
585 285 762 332 unruoblca
783 287 866 332 lunis
889 285 1045 333 canonici.

243 407 460 468 benturfldem
473 403 626 484 profiteri,
637 408 670 464 et
683 401 830 464 Pontifici
838 401 1024 464 fidelitatem
1032 419 1067 463 ao
1076 401 1231 463 obedien-

241 504 319 565 tiam
344 504 525 582 juramento
552 501 719 579 spondere,
733 501 823 580 juxta
846 501 1018 562 formulam
1040 501 1228 562 Pontificali

242 603 386 664 Romano
404 601 565 662 insertam.

282 699 471 778 liujusmodi
477 697 862 778 Jurameutumimmerito
875 697 1007 775 quidam
1016 697 1224 776 impugnant,

242 813 355 876 parum
379 797 578 859 attendentes
596 796 635 857 ad
649 813 687 857 ea
709 793 826 873 quibus
849 795 979 872 expedit
1004 783 1228 857 unitatemfo·

241 911 325 955 vere.
336 895 376 955 Et
389 895 534 973 profecto
550 909 646 954 nemo
658 891 836 953 catholicus
853 891 886 951 in
902 891 1035 952 dubium
1057 909 1229 954 revocave-

241 991 293 1067 rit,
311 991 486 1070 Episcopos
509 991 549 1051 ad
565 989 782 1051 obedientiam
797 1005 872 1068 erga
889 989 1080 1052 Pontificem
1090 991 1163 1069 jure
1180 991 1227 1051 di-

240 1089 314 1150 vino
337 1088 507 1150 adstrictos
530 1105 626 1161 esse3·
643 1103 748 1166 neque
767 1087 877 1165 negari
891 1092 1007 1166 potest,
1031 1088 1126 1168 hujus
1148 1088 1229 1151 obe·

241 1186 369 1247 dientiae
385 1186 616 1265 professionem
630 1185 719 1246 licite
732 1184 907 1264 juramenti
920 1185 1076 1268 religione
1087 1186 1225 1248 firmari.

282 1283 371 1344 Sicut
394 1283 491 1359 igitur
514 1284 548 1342 in
572 1283 774 1344 ordinatione
798 1283 979 1344 sacerdotes
1006 1282 1227 1344 obedientiam

240 1380 428 1442 canonicam
449 1380 608 1459 Episcopo
624 1379 803 1441 dioecesanc
819 1379 1033 1459 promittuut;
1051 1381 1130 1442 sicut
1150 1398 1229 1442 om·

240 1496 296 1540 nes
320 1479 428 1540 clerici
444 1480 484 1540 de
509 1477 671 1540 beneficiis
697 1495 805 1540 curam
826 1477 1008 1539 animarum
1031 1477 1226 1540 habentibus

241 1575 369 1654 provisi,
387 1576 711 1656 fidei-professionem
724 1576 838 1637 eodem
846 1576 1030 1654 juramento
1054 1579 1223 1656 praestant,

242 1675 287 1736 ita
302 1675 361 1735 iste
382 1691 463 1749 mos,
478 1673 624 1734 Pontifici
652 1671 839 1734 fidelitatem
860 1673 1000 1751 juratam
1026 1673 1224 1751 spondeum,

236 1774 465 1852 jampridema
484 1771 609 1850 legatis
627 1771 773 1832 interrae
794 1775 933 1832 remotas
955 1771 1087 1832 abituris
1102 1771 1140 1850 (v.
1159 1791 1192 1850 g.
1207 1789 1224 1831 a

244 1855 282 1931 Sj
296 1871 480 1944 Bonilacio),
506 1874 571 1930 eta
597 1868 808 1946 Metropolitis
829 1868 963 1946 pallium
990 1867 1225 1946 accipientibus

244 1963 403 2024 observari
419 1965 527 2025 solitus
542 1968 600 2038 est,
616 1965 719 2024 donec
735 1965 866 2026 demum
881 1965 1035 2026 universis
1054 1965 1225 2044 Episcopis

242 2059 513 2138 praescriberetur,
530 2061 708 2139 praesertim
734 2077 772 2122 ex
795 2049 859 2140 quo
879 2062 930 2140 jus
952 2047 1078 2125 electos
1099 2065 1222 2125 coufir—
1291 2079 1292 2082 ’

243 2156 351 2218 mandi
363 2158 402 2217 ad
413 2158 530 2219 sedem
540 2157 904 2236 Apostolicamdeveuit.

444 2369 459 2432 ἓ
470 2367 493 2418 2.
509 2395 540 2404 -
552 2367 590 2420 lle
599 2368 711 2434 juribus
724 2373 753 2421 et
764 2368 864 2422 officiis
876 2369 1016 2437 Episcopi.

282 2536 432 2598 Dioecesis
449 2541 496 2598 est
509 2537 651 2600 Ecclesia
663 2516 874 2615 'particularis
886 2540 976 2619 cujus
992 2539 1230 2618 regimenimi-

241 2639 327 2696 tatur
340 2635 524 2696 universalis
538 2634 689 2697 Ecclesiae
712 2635 990 2714 gubernationem.
1002 2639 1227 2710 Quemadmo-

239 2733 319 2794 dum
363 2749 473 2794 omnes
506 2733 657 2795 catholici
689 2734 840 2796 Ecclesia
873 2734 989 2796 visibili
1026 2741 1058 2798 et
1082 2736 1223 2799 Summo
1289 2729 1290 2799 l

239 2830 385 2892 Pontifici
398 2835 630 2892 connectuntur
644 2830 764 2910 triplici
782 2833 919 2909 vineole,
934 2851 1052 2912 nempe
1061 2835 1138 2897 fidei
1149 2854 1229 2915 pro·

239 2927 388 3003 sessione,
405 2933 674 2989 sacramentorum
693 2947 752 2990 usu
763 2933 795 2991 et
809 2930 991 3010 pastoribus
1006 2931 1226 3011 subjectione,

238 3027 283 3090 ita
299 3025 496 3105 singulorum
514 3024 745 3104 Episcoporum
760 3030 919 3105 pastorale
932 3017 1077 3092 olliciu'm
1091 3030 1228 3094 involvit

238 3127 431 3202 potestatem
444 3121 674 3199 sanctificandi,
692 3123 830 3186 docendi
843 3131 875 3187 et
884 3129 1026 3204 regendi.

276 3273 303 3322 1⁰
316 3269 386 3326 lura
396 3271 425 3324 et
435 3267 531 3325 cilicia
543 3268 674 3342 Episcopi
685 3268 780 3341 quoad
790 3269 905 3328 cultum
919 3271 1064 3330 divinum.

273 3357 303 3406 2⁰
316 3355 385 3410 lura
396 3358 425 3410 et
436 3355 532 3412 officia
546 3357 675 3429 Episcopi
688 3358 783 3429 quoad
795 3361 1007 3432 magisterium.

276 3441 304 3494 3ο
317 3440 386 3498 lura
397 3445 426 3498 ct
437 3443 533 3501 cilicia
542 3445 755 3514 jurisdictionis
767 3447 945 3521 episcopalis.
