2630 4250
483 297 557 342 retts
578 297 744 342 spectans·
1048 296 1101 343 203

122 412 301 474 ministerio
329 418 361 476 et
389 413 525 492 imperio
551 413 692 492 potiatur
712 414 746 474 in
769 413 921 491 Ecclesia,
945 415 1018 494 jura
1041 415 1102 496 ipsi

122 510 338 588 competentia
349 511 530 572 necessario
544 512 692 573 adunam
707 513 755 574 vel
768 513 950 574 alterutram
964 529 1003 574 ex
1013 513 1102 574 hisce

121 608 332 688 potestatibus
350 609 542 672 referuntur.

163 709 195 766 l⁰
210 707 259 767 Ad
275 705 494 786 magisterium
508 711 653 786 spectant
670 707 740 769 haec
751 707 822 786 jura
835 711 867 770 et
882 705 1007 770 officia:
1025 707 1101 769 doc·

124 802 215 864 trinae
244 803 410 866 catholicae
439 801 594 881 definitio,
621 805 808 884 propagatio
838 804 924 882 fidei,
956 822 1101 868 errorum

123 901 332 979 propulsatio,
351 901 487 964 directio
502 901 693 964 studiorum.

163 998 305 1060 Potestas
320 999 530 1076 convocandi,
549 999 738 1060 moderandi
753 1003 785 1061 et
797 999 1009 1082 confirmandi
1022 1016 1101 1061 con-

123 1096 208 1172 cilia,
233 1096 284 1175 jus
298 1096 509 1175 approbandi*
518 1097 646 1159 ordines
665 1097 829 1175 religiosos
850 1115 924 1159 cum
949 1097 1101 1178 magiste-

123 1192 173 1254 rio
189 1198 222 1254 et
230 1193 454 1272 jurisdictione
469 1194 564 1255 simul
579 1199 822 1257 connectuntur.

163 1294 198 1350 2⁰
214 1289 303 1352 Licet
318 1290 468 1370 Episcopi
486 1292 549 1354 sint
564 1291 676 1354 ordine
691 1309 794 1370 pares,
811 1297 1006 1354 tamencum
1024 1293 1107 1354 Pon-

124 1387 202 1449 tifex
216 1387 367 1449 Ecclesiae
380 1388 572 1468 praeflciatur
582 1396 735 1470 tanquam
750 1396 897 1453 centrum
911 1391 1050 1463 unitatis,
1066 1391 1105 1450 ad

123 1483 210 1543 illius
220 1483 293 1562 jura
307 1490 454 1563 respectu
472 1486 639 1548 ministerii
656 1487 767 1548 referri
785 1491 917 1566 possunt
930 1488 1074 1566 praeteri
1093 1520 1106 1531 -

123 1582 280 1641 cultatem
293 1581 503 1660 pontificialia
516 1583 636 1661 ubique
651 1583 820 1644 exercendi
836 1603 842 1644 :
860 1584 912 1663 jus
923 1600 1108 1662 supremum

124 1677 298 1739 ordinandi
319 1677 460 1740 officium
475 1679 631 1755 divinum,
647 1681 738 1754 festa,
749 1679 880 1760 jejunia,
896 1684 1109 1742 sacramento·

123 1793 198 1836 rum
219 1781 250 1837 et
270 1775 546 1839 sacramentalium
566 1779 892 1864 administrationem3
915 1779 1107 1842 beatificatio

124 1880 157 1936 et
178 1875 377 1937 canonizatio
392 1880 586 1951 sanctorum,
607 1877 658 1956 jus
675 1879 875 1940 concedendi
893 1878 1108 1960 indulgentias
1171 1914 1173 1917 -

124 1973 296 2050 plenarias,
315 1978 376 2036 etc.
725 1965 727 1968 ⁵

169 2071 200 2131 3⁰
216 2071 264 2133 Ad
273 2069 529 2151 jurisdictionem
546 2073 671 2134 Summi
685 2071 850 2136 Pontificis
865 2075 1026 2164 pertinent
1041 2075 1109 2154 plu·

124 2169 210 2230 rima
232 2169 305 2248 jura
328 2167 442 2248 quihus
466 2169 597 2249 singulis
624 2172 821 2250 exponendis
844 2169 896 2234 hic
924 2171 1107 2234 instandum

125 2270 179 2329 est
194 2265 247 2346 (l).
296 2261 300 2276 ¹
981 2275 983 2280 '

280 2438 410 2508 ,Qunsrro
423 2439 459 2486 2⁸.
469 2463 500 2472 -
510 2438 549 2487 De
564 2449 666 2487 anninus
677 2449 802 2488 rnrutrus
817 2451 844 2486 ru
858 2451 948 2489 sanctu.

171 2590 264 2651 Varia
276 2591 348 2670 jura
363 2607 401 2652 cx
417 2591 531 2669 quibus
551 2595 677 2652 constat
687 2591 870 2668 jurisdictio
885 2589 1051 2668 primatus
1069 2590 1109 2648 ad

127 2687 295 2766 duplicem
313 2689 446 2750 classem
460 2690 657 2750 reducuntur
674 2707 681 2748 :
700 2689 761 2748 alia
775 2687 861 2750 enim
877 2691 1063 2748 exercentur
1077 2685 1110 2744 in

127 2786 308 2847 Ecclesiam
328 2787 547 2863 universalem,
572 2787 634 2847 alia
652 2804 726 2848 vero
748 2785 887 2864 singulas
909 2783 1060 2845 dioeoeses
1079 2788 1110 2844 et
1170 2829 1174 2839 .

126 2900 242 2944 earum
254 2883 430 2964 Episcopus
444 2885 631 2963 respiciunt.

169 3037 192 3088 l.
208 3032 419 3090 iurisdictionis
434 3033 668 3106 pontiflciaejura
682 3033 714 3088 in
726 3031 894 3088 Ecclesium.

173 3122 207 3178 ll.
222 3123 292 3178 lura
305 3123 339 3178 R.
354 3122 500 3180 Pontificio
512 3123 544 3178 in
558 3121 687 3191 singulos
704 3121 895 3193 episcopatus.

163 3299 197 3360 (t)
219 3299 347 3360 zaccaria,
367 3299 559 3363 Antifebrona'ar
575 3299 724 3360 vindicatus,
744 3312 788 3348 seo
807 3299 840 3348 dc
858 3309 975 3359 suprema
990 3296 1117 3346 Polestcle

130 3379 204 3428 Rom,
219 3379 360 3443 Pontificio,
384 3380 482 3429 dissert.
504 3379 544 3430 lv,
566 3405 598 3418 -··
614 3378 842 3441 Schmalzgruober,
857 3379 966 3438 Fagnan,
986 3376 1116 3436 Gonzalez‚

130 3459 161 3508 in
176 3459 345 3510 Decretclium
363 3461 406 3510 lib.
427 3463 447 3520 l,
459 3461 499 3510 tit.
514 3474 575 3510 xxxt
589 3487 615 3496 -
632 3458 743 3520 uersati,
758 3457 977 3510 Commentariun
987 3458 1034 3523 jus
1044 3457 1118 3508 ecclc·
1148 3473 1150 3476 ·

131 3538 277 3602 sic-sticum,
292 3547 310 3590 t.
324 3542 345 3602 l,
360 3541 458 3591 dissert.
472 3539 512 3590 lV.
