2626 4258
42 1538 45 1546 ’
243 1535 356 1616 vitu).

245 239 298 286 rso
409 235 564 284 annosum
585 213 763 280 uurudmcn
781 233 863 279 rums
885 233 1041 281 cononici.

282 355 456 420 Prehenda
469 353 661 418 canonicalis
676 353 827 416 delinitur
843 372 851 416 τ
872 354 924 434 jus
935 353 1137 434 percipiendi
1148 372 1221 433 pro·

242 461 352 520 ventus
374 456 407 518 in
422 453 575 526 Ecclesia,
592 457 779 533 competens
799 453 854 516 uni
879 454 919 518 de
942 454 1079 534 collegio
1096 453 1221 532 capitu-

240 555 311 616 lari.

279 654 314 714 ln
336 652 525 714 canonicatu
547 651 610 714 duo
636 649 760 712 diversa
776 651 849 730 jura
870 655 1077 728 concurrunt,
1102 668 1222 731 nempe

240 751 362 812 canonio
375 756 406 812 et
419 748 584 831 prebendo.
606 749 744 810 Canonia
760 754 808 811 est
826 749 938 810 titulus
949 749 1030 828 juris
1046 767 1111 828 quo
1126 750 1223 810 cleri-

240 867 296 912 cus
322 849 357 910 llt
383 848 510 927 collegii
540 846 720 910 membrum
745 852 776 908 et
802 848 1007 926 consequitur
1033 848 1164 908 stallum
1188 847 1221 906 in

241 947 352 1020 choro,
365 963 476 1007 vocem
489 946 521 1008 in
533 944 748 1024 Capitulo‚jus
760 944 1027 1024 adprehendam.
1043 944 1224 1006 Praebenda

242 1063 316 1106 vero
331 1049 378 1106 est
388 1043 578 1106 beneficium
591 1043 733 1106 canoniae
744 1059 914 1104 annexum.

283 1146 312 1204 2.
326 1131 567 1204 'Distributiones
590 1141 790 1220 quotidianas
810 1142 932 1220 primus
955 1140 1146 1220 excogitavit
1159 1142 1223 1228 ¹Iro

244 1240 444 1302 carnutensis
459 1241 635 1319 Episcopus
653 1240 719 1318 (Xl⁰
734 1238 875 1318 saeculo),
896 1244 932 1300 ut
945 1239 1091 1301 canonici
1107 1239 1224 1302 fierent

245 1339 358 1402 divinis
376 1339 488 1402 oslioiis
501 1338 631 1400 assidui.
649 1341 725 1400 Haec
739 1338 896 1400 institutio
911 1337 1035 1399 transiit
1052 1338 1086 1398 in
1094 1338 1148 1416 jus
1162 1337 1224 1400 De·

244 1438 421 1514 cretalium,
444 1454 578 1516 eamque
598 1437 777 1500 Concilium
800 1437 1025 1500 Tridentinum
1051 1437 1225 1499 confirma-

283 1635 329 1695 Ex
344 1650 380 1694 ea
391 1633 471 1713 lege,
488 1632 582 1694 tertia
602 1650 674 1712 pars
688 1633 850 1694 fructuum
864 1631 1110 1712 prebendarum
1127 1631 1223 1694 debet

244 1731 394 1810 separari,
420 1737 452 1792 et
469 1731 501 1792 in
516 1731 715 1810 quotidianas
740 1730 980 1792 distributiones
1005 1730 1160 1804 converti,
1184 1729 1222 1790 ab

244 1829 427 1891 absentibus
450 1829 591 1903 amissas,
612 1829 822 1906 presentibus
844 1833 1062 1890 accrescentes
1082 1845 1119 1888 ac
1140 1828 1224 1889 iuter

243 1927 329 2006 ipsos
347 1927 532 1998 dividendas
541 1927 632 2004 juxta
647 1927 780 1988 modum
798 1926 836 1987 ab
854 1927 1011 2006 Episcopo
1031 1926 1225 1990 determina·

244 2029 325 2104 tum.

282 2124 320 2184 ΙΙ.
346 2121 499 2184 Peosicnes
522 2123 665 2184 canonicis
686 2123 768 2206 opud
792 2122 919 2186 Galliam
939 2123 1043 2186 solute
1058 2120 1225 2204 prebendis

244 2221 479 2302 aequiparantur.
587 2290 597 2306 ι

285 2319 376 2379 Ratio
390 2324 447 2395 est,
462 2319 538 2400 quia
548 2319 592 2381 eis
603 2319 751 2382 convenit
762 2320 903 2382 definitio
918 2319 1081 2382 beneficii.
1096 2319 1225 2380 Etenim

245 2417 414 2497 pensiones
434 2417 590 2495 ejusmodi
610 2424 681 2480 sunt
705 2419 811 2497 portio
834 2398 994 2490 bonorum
1014 2418 1168 2480 Ecclesiae
1193 2418 1226 2478 in

245 2515 366 2575 reditus
382 2521 661 2577 commutatorum.
679 2519 753 2578 llaec
769 2521 876 2578 autem
896 2517 1001 2598 portio
1023 2516 1062 2576 ab
1087 2516 1228 2578 auctori-

245 2618 308 2674 tate
321 2613 534 2676 ecclesiastiea
548 2614 678 2694 singulis
693 2615 854 2677 canonicis
869 2614 1095 2694 assignaturin
1108 2631 1228 2694 perpe-

245 2716 347 2787 tuum,
364 2712 487 2775 ratione
503 2713 600 2776 officii
617 2713 800 2792 spiritualis.

284 2811 418 2872 Accedit
431 2811 595 2889 responsio
608 2812 640 2872 S.
659 2800 908 2872 Poenitentlarim
922 2813 1021 2891 (1819)
1036 2830 1043 2871 :
1064 2810 1228 2872 «Pensio-

243 2924 300 2968 nes
316 2909 387 2985 q'uao
409 2909 571 2970 canonicis
589 2910 762 2984 solvuntur,
781 2909 919 2970 induunt
939 2915 1086 2970 naturam
1105 2908 1227 2970 beneti-

244 3003 379 3080 ciorum‚
398 3010 429 3066 et
446 3022 600 3066 annexam
621 3005 740 3068 habent
760 3006 991 3087 obligationem
1012 3005 1227 3068 inhaerentem

244 3099 336 3162 bonis
350 3102 588 3165 ecclesiasticis.
614 3126 629 3160 s

507 3289 543 3340 Do
562 3289 952 3354 obligationibuscanonicorum.

284 3433 406 3510 Duplex
421 3433 626 3513 distinguitur
645 3451 754 3496 earum
768 3435 889 3514 species
904 3455 912 3496 :
929 3435 1000 3497 alim
1015 3441 1089 3500 sunt
1101 3437 1226 3518 obliga-

276 3593 314 3660 (1)
329 3599 393 3648 Sess.
409 3599 474 3658 lllll,
486 3615 541 3662 cap.
558 3615 601 3661 ηις
616 3603 695 3665 XXII,
712 3617 767 3668 cap.
781 3618 823 3664 ¹1¹3
837 3604 925 3664 xxiv,
943 3618 998 3667 cap.
1010 3618 1054 3654 ιιι.
