2630 4250
221 277 271 326 alo
393 277 549 324 EXPOSITIO
571 279 747 324 ueuuomud
768 279 851 325 sums
874 277 1030 323 canorum.

220 396 304 460 latis.
320 395 401 456 lllud
418 395 472 474 jus
492 395 521 456 ei
543 395 710 474 competit,
729 399 798 456 tum
817 395 939 460 ratione
954 392 1121 465 Primatus,
1148 391 1200 452 cui
1282 401 1283 458 3

221 495 296 556 licet
310 493 539 554 reservationes
551 496 705 567 statuere3
721 496 789 552 tum
799 492 921 554 ratione
934 488 1203 568 supremaehono·

222 609 295 660 rum
306 590 594 654 ecclesiasticorum
607 590 900 666 administrationis,
912 607 986 650 nam
999 589 1039 650 ad
1054 589 1202 650 Sanctam

224 693 341 754 Sedem
355 693 476 770 spectat
487 688 613 752 clericis
633 690 672 752 de
686 688 829 752 Ecclesia
846 687 928 750 hene
946 685 1080 760 meritis,
1095 701 1153 762 pro
1166 700 1201 744 ea

224 787 453 860 laborantibus
464 787 622 862 litteratis,
637 790 670 848 et
682 785 874 865 pauperihus
884 785 924 846 ad
939 801 1009 846 eam
1019 781 1202 859 confugien-
1282 863 1283 866 Ἴ

225 885 313 949 tibus
337 884 534 963 prospicere;
560 889 628 946 tum
651 901 689 951 ex
711 901 869 946 canonum
888 882 1076 962 praescripto
1094 878 1200 960 quibus
1282 907 1283 966 }

224 983 420 1062 principium
435 981 623 1060 exprimitur
638 982 680 1061 (l)
1282 967 1283 1032 j

267 1080 377 1154 Quibus
399 1079 489 1140 modis
508 1078 650 1159 Pontifee
666 1077 721 1140 doe
732 1086 875 1159 potestate
898 1077 947 1140 ati
956 1074 1071 1158 possit?
1082 1108 1122 1120 -
1137 1075 1201 1135 Pri·
1282 1115 1283 1118 κ

229 1193 319 1258 mum
336 1178 484 1240 aSanota
497 1177 579 1238 Sede
594 1175 927 1238 mittebanturlitterae
941 1173 1116 1249 monitorr'ee,
1129 1191 1201 1253 pre·

228 1275 371 1356 reperire,
396 1275 571 1336 executorue
603 1275 719 1354 quibus
742 1274 901 1354 Episcopo
929 1271 1149 1345 mandabatur,
1171 1277 1203 1332 ut

231 1373 394 1454 designato
409 1373 526 1434 clerico
541 1372 733 1436 beneficium
752 1373 922 1439 conterret.
934 1371 1092 1432 Paulatim
1102 1369 1203 1448 regula
1282 1435 1283 1442 ,

127 1547 129 1552 Ι
231 1471 373 1546 invaluit,
390 1465 424 1532 ut
437 1470 522 1530 istud
533 1471 585 1548 jus
598 1475 733 1550 quatuor
746 1469 849 1532 modis
864 1472 1075 1530 exerceretur.
1282 1517 1283 1522 ,

272 1573 306 1648 l⁰¹
330 1570 390 1630 Per
413 1567 621 1630 cumulatiorem
650 1565 831 1630 collationem
856 1583 930 1627 eum
957 1551 1138 1643 episeopis,
1164 1563 1207 1624 vel
1282 1583 1283 1646 3

231 1667 378 1730 Pontifex
388 1667 436 1728 vel
448 1667 624 1746 Episcopus
639 1663 824 1728 conferebat
836 1662 1037 1736 beneficium,
1056 1665 1151 1740 prout
1161 1659 1209 1720 hic
1282 1715 1283 1750 ,

222 1764 282 1838 'vel
293 1763 347 1824 ille
358 1763 446 1841 prior
455 1764 653 1826 vacationem
668 1765 867 1841 cognoverat.
880 1762 998 1823 Verum
1017 1761 1119 1821 Sedes
1134 1761 1211 1836 Apo·

233 1861 345 1922 stolica
356 1861 420 1920 hoc
432 1861 503 1938 jure
515 1860 635 1936 utinen
650 1861 740 1922 solet.
1090 1858 1092 1862 ’

273 1960 306 2018 E⁰
321 1959 400 2018 Gom
415 1973 453 2018 ex
477 1957 668 2018 cumulativa
690 1957 861 2018 collatione
876 1955 947 2016 lites
969 1955 1179 2028 exorirentur,
1197 1969 1212 2012 a

237 2054 378 2119 Summis
399 2053 607 2116 Pontificibus
631 2054 773 2116 inductae
797 2059 871 2115 sunt
897 2053 1003 2133 pretim
1028 2051 1214 2133 expectatieoe

237 2149 1214 2232 quibusbeneliciumconferebant,praeveniendovaoationem.

238 2252 300 2314 Sed
315 2250 492 2312 Concilium
501 2251 721 2312 Tridentinum
734 2252 800 2312 fere
815 2269 854 2313 ex
865 2251 989 2330 integro
1001 2247 1140 2310 abolevit
1150 2245 1216 2308 Ee-

156 2365 158 2370 ’
236 2347 396 2430 peototioos
411 2365 467 2410 seu
483 2347 623 2410 mundato
643 2347 678 2412 de
692 2347 870 2430 providendo
883 2359 943 2428 pro
955 2346 1120 2410 beneficiis
1135 2360 1216 2407 vace·

239 2445 329 2508 turio.
1041 2493 1044 2499 .

280 2544 314 2605 30
342 2543 455 2606 Visum
485 2547 532 2604 est
559 2542 767 2606 Pontificibus
799 2545 947 2622 quendam
977 2539 1133 2604 beneficia
1164 2540 1219 2601 sibi

241 2659 403 2716 reservare,
419 2640 452 2701 id
469 2646 528 2716 est,
554 2659 619 2702 suae
643 2641 805 2704 collationi
828 2641 989 2715 addicere,
1016 2641 1061 2701 ite
1089 2647 1125 2702 ut
1148 2639 1220 2700 reli·
1282 2635 1283 2638 ’

205 2730 213 2758 ”
245 2739 534 2818 quorumomnium
544 2741 672 2802 collatio
682 2740 722 2800 ad
733 2739 907 2819 Episcopus
918 2738 1104 2818 pertineret.

286 2834 1220 2916 Reservationesdistinguunturrotioaemodr‘quodertefieieer

248 2927 397 3011 officient,
412 2945 529 3006 nempe
546 2929 596 2991 vel
611 2930 734 2992 ratione
749 2929 805 2992 lori
821 2929 855 2990 in
871 2947 935 3008 quo
950 2928 1105 2990 beneficia
1118 2931 1223 2990 vocent-

252 3043 307 3088 seu
322 3044 380 3106 per
391 3025 515 3088 obitum
535 3027 569 3089 in
590 3028 844 3103 euriaromane3
869 3029 917 3090 vel
933 3027 1058 3089 ratione
1081 3025 1221 3107 temporis,

252 3125 329 3186 dum
342 3125 464 3204 aliquot
477 3141 601 3188 menses
611 3126 688 3196 enni
699 3127 846 3190 Pontifici
859 3131 1067 3188 reserrentur.

290 3222 536 3300 Distinguuntur
552 3223 648 3286 etiarn
663 3224 786 3286 ratione
797 3223 966 3304 repeterem
977 3221 1082 3304 quibes
1097 3227 1225 3282 statuar·
1282 3237 1283 3260 ¹

253 3323 314 3374 ter.
323 3317 535 3380 Aliaestetutae
544 3322 618 3380 sunt
626 3334 684 3396 per
694 3313 1226 3397 canonesinCorporejerr'sexisten-
1282 3319 1283 3322 ’

287 3464 320 3524 (ll
334 3465 420 3524 Capite
435 3479 454 3513 11
468 3467 500 3514 de
514 3467 663 3518 Prehendis
675 3467 702 3518 in
713 3469 787 3518 Sexto
799 3467 850 3528 (lib.
860 3467 903 3525 lll,
912 3467 956 3540 tit²
970 3468 1006 3530 tv)
1018 3464 1054 3515 sic
1068 3465 1224 3515 decernitur=

254 3563 266 3587 ι
280 3543 350 3592 licet
365 3543 526 3594 ecclesiarum
536 3555 722 3610 personatuum,
730 3548 1043 3609 dignitatumaliornmque
1057 3546 1226 3597 beneficiorum

256 3621 369 3684 plenarie
380 3622 509 3684 dispositio
521 3625 552 3673 ad
564 3627 703 3676 Romanum
719 3631 836 3677 noscatur
850 3626 993 3676 Pontificem
1006 3626 1139 3687 pertinere.
1157 3642 1169 3669 r
