2588 4272
434 273 508 320 PARS
529 273 707 320 dannanus.
1035 280 1068 326 ω

103 400 204 459 vocata
220 395 281 456 luit
303 391 485 472 hujusmodi
501 392 645 465 facultas,
661 392 688 452 si
710 393 793 456 iorte
816 411 969 458 concessa
995 397 1066 460 luit.

103 493 191 572 Igitur
200 491 367 566 Placitum,
381 493 535 570 quatenus
547 489 773 568 aprincipihus
786 491 958 556 adhibetur
968 493 1069 558 invita

103 590 247 666 Ecclesia,
263 593 311 650 est
324 589 519 650 consuetudo
532 585 712 666 reprobata.

136 699 171 759 Il.
187 695 395 759 Eucutiuntur
407 702 581 776 argumento
593 692 777 774 defensorum
788 694 901 756 Plociti
907 695 959 776 (l).

137 805 337 868 Contendunt
348 802 523 882 jurisperiti
541 801 647 864 civiles
669 801 827 862 Placitum
843 818 910 865 esse
925 803 976 882 jus
998 821 1066 882 pro·

102 903 199 984 prium
219 905 369 965 Caesareae
383 900 566 980 majestatis.
591 897 775 980 Majestatem
796 905 909 962 vocant
930 903 1070 980 comple-

100 1003 219 1064 xionem
229 1000 350 1086 jurium
362 1017 433 1078 quae
448 999 607 1077 pertinent
620 997 659 1056 ad
670 996 856 1059 societatem
871 999 1064 1077 perlectam3

102 1101 150 1162 sed
163 1099 246 1161 inter
260 1099 329 1168 haec
336 1097 408 1177 jura
423 1094 584 1156 immerito
597 1100 773 1169 recensent,
791 1096 939 1158 adversus
957 1097 1069 1160 Eccle-

102 1197 183 1271 siam,
199 1197 255 1278 jus
275 1193 461 1278 protegendi,
470 1195 525 1278 jus
541 1191 669 1270 cavendi,
679 1193 734 1274 jus
748 1193 925 1275 inspicz'cndi,
942 1213 980 1257 ex
995 1195 1066 1274 qui-

102 1295 153 1356 bus
166 1294 324 1356 Placitum
344 1293 497 1354 derivant.

136 1403 161 1463 l.
179 1401 297 1462 Dicunt
308 1397 504 1478 principibus
525 1397 627 1460 inesse
634 1397 689 1479 jus
701 1398 871 1461 moderarum
881 1399 992 1460 cultum
1005 1418 1067 1480 pu·

102 1497 196 1559 hlium
226 1497 261 1557 in
287 1497 439 1558 societate
466 1511 562 1574 quam
594 1495 781 1576 gubernant,
815 1498 952 1576 ideoque
982 1497 1067 1577 leges

101 1595 320 1658 ecclesiasticas
336 1593 545 1674 approbandi,
556 1593 746 1674 protectionis
767 1611 871 1671 causa,
888 1611 927 1656 ne
945 1593 1068 1657 scilicet

101 1694 211 1756 civibus
222 1692 328 1755 noxiae
345 1692 418 1754 sint.

131 1800 214 1881 Resp.
250 1797 407 1878 Equidem
433 1795 594 1875 principes
620 1797 805 1860 societatem
829 1798 889 1860 sibi
911 1799 1066 1862 creditam

100 1900 299 1960 moderantur
310 1896 343 1956 in
366 1895 478 1957 ordine
498 1895 594 1957 civili.
620 1897 738 1958 Verum
763 1897 904 1959 Christus
932 1899 1068 1962 instituit

98 2001 281 2074 potestatem
297 1993 544 2057 ecclesiasticam
560 1993 598 2054 ad
610 1993 792 2073 dirigendos
807 1994 916 2056 fideles
934 1996 1067 2080 inviam

98 2094 211 2155 salutis.
227 2093 336 2172 Atqui,
351 2093 376 2153 si
391 2092 551 2171 principes
562 2091 633 2170 jure
650 2091 780 2171 proprio
793 2095 995 2156 consulerent
1010 2095 1065 2155 lini

97 2191 320 2271 supernaturali
346 2189 558 2264 subditorum,
593 2189 670 2268 quid
696 2191 861 2268 prodesset
894 2191 1066 2254 auctoritas

96 2288 264 2369 spiritualis
277 2305 295 2348 a
309 2288 435 2350 Christo
452 2287 623 2349 instituta?

129 2397 227 2475 Igitur
239 2394 402 2473 religionis
415 2411 490 2456 cura
512 2391 672 2473 guberniis
691 2409 756 2454 non
773 2395 935 2474 competit,
953 2395 1015 2457 nisi
1031 2396 1065 2458 in

95 2510 235 2556 cosensu
249 2493 334 2572 quod
350 2491 487 2556 debeant
509 2491 593 2553 illius
615 2490 800 2552 exercitium
823 2497 1000 2572 protegere.
1033 2495 1065 2555 Si

94 2610 159 2654 vero
174 2591 338 2673 principes
361 2592 446 2670 leges
462 2589 691 2653 ecclesiasticas
714 2589 894 2669 inspiciant,
907 2592 975 2671 jam
998 2609 1064 2654 non

94 2699 160 2752 sunt
171 2689 326 2753 Ecclesia
338 2693 546 2770 protectores,
564 2689 619 2750 sed
640 2687 868 2751 dominatores.

127 2799 155 2857 E.
171 2777 292 2858 Dicunt
304 2795 466 2875 guberniis
479 2795 582 2858 inesse
586 2795 643 2876 jus
660 2793 788 2871 cavendi,
802 2796 931 2874 nequid
949 2795 989 2856 ab
1004 2797 1066 2857 Ec-

92 2893 181 2955 clesia
195 2895 263 2971 fiat,
280 2895 365 2973 quod
379 2895 428 2958 vel
443 2893 599 2972 Principis
617 2893 816 2973 dignitatem,
840 2894 888 2956 vel
903 2893 1065 2973 publicam
1128 2929 1134 2943 ·

92 2990 261 3054 utilitatem
278 2991 379 3070 possit
397 2992 525 3055 laedere.

126 3097 216 3179 Hesp.
231 3099 313 3172 Quid
324 3098 401 3159 mali
410 3099 653 3179 precavendum
668 3099 729 3161 erit
742 3103 851 3160 contra
860 3113 997 3160 canones
1010 3098 1069 3160 Ec-

91 3195 214 3259 clesiae?
238 3196 311 3258 Sive
331 3197 405 3258 fidei
423 3198 472 3259 vel
492 3213 616 3258 morum
643 3196 821 3258 doctrinam
849 3195 985 3271 tradant,
1003 3196 1066 3259 sive

90 3289 168 3371 leges
184 3291 404 3372 disciplinares
417 3293 553 3373 dirigant
563 3293 688 3372 praxim
701 3293 843 3354 fidelium
856 3293 890 3353 in
904 3292 1015 3356 ordine
1025 3293 1065 3354 ad

91 3388 182 3452 tidem
197 3391 485 3470 supernaturalem,
509 3407 626 3453 nocere
640 3409 705 3454 uon
716 3395 859 3471 possunt.
875 3391 1066 3454 Dicemusne

117 3555 148 3617 (l)
162 3555 277 3616 Audisio,
293 3555 365 3606 luris
377 3557 478 3609 nutura
490 3557 668 3624 flendamentu,
679 3559 725 3612 lib.
745 3559 792 3610 111.
807 3583 839 3600 -
851 3559 926 3611 Droit
938 3555 1066 3622 publicula

91 3618 203 3696 νέμω,
219 3634 295 3684 nuos
311 3633 345 3698 n,
355 3633 401 3685 ιιι.
843 3675 846 3682 .
