2588 4272
404 297 476 342 rhus
498 297 675 345 nunnitus
971 293 1023 341 1⁰5

101 413 237 474 Romana
251 412 392 476 Ecclesia
412 402 466 476 eos
491 419 615 477 tantum
640 411 785 494 probavit
799 415 965 476 'l'rullanos
977 427 1027 472 ca·

67 527 162 584 nones,
177 511 233 589 qui
246 513 391 574 conciliis
406 514 607 590 generalibus
626 519 681 574 aut
694 511 835 574 moribus
848 507 1026 572 christianis

67 623 120 667 non
139 607 387 672 adversarentur.
414 611 551 672 Proinde
571 610 721 673 collectio
735 609 846 690 synodi
856 608 1024 681 Trullanae,

67 709 207 782 quatenus
220 705 305 767 illius
320 709 448 786 propria
471 713 528 785 est,
545 710 666 770 nullam
686 708 782 770 habet
793 707 1024 769 auctoritatem.

98 805 146 866 lV.
159 803 299 865 Collectio
319 803 432 867 Photii.
449 807 628 868 —Saeculo
646 823 677 868 ix
694 805 836 880 Photius,
853 804 907 883 qui
932 801 1029 882 graeci

67 901 230 964 schismatis
259 907 368 965 auctor
396 904 467 979 fuit,
491 905 697 966 collectiones
725 903 895 965 orientales
909 901 1027 963 iterum

67 999 234 1077 elaboravit,
248 1019 402 1081 suumque
414 1001 614 1064 concinnavit
624 1002 863 1075 Nomocnnonem,
878 999 932 1079 qui
942 999 1026 1078 apud

68 1095 176 1156 Graeoos
190 1095 224 1155 in
234 1113 359 1158 summo
375 1095 496 1158 honore
510 1101 541 1158 et
569 1095 672 1175 pretio
688 1113 813 1176 semper
827 1093 953 1155 habitus
966 1095 1024 1154 est.

98 1193 253 1271 Suspootae
279 1199 352 1255 sunt
378 1193 582 1256 collectiones
606 1193 780 1268 Photianae,
809 1191 967 1272 siquidem
985 1191 1023 1251 ad

65 1289 220 1353 favendum
238 1292 401 1354 schismati
417 1293 510 1354 editae
526 1294 663 1355 fuerunt.

96 1389 255 1452 V.Praeter
266 1391 414 1470 antiquas
425 1393 608 1452 Graecorum
618 1390 834 1465 collectiones,
847 1392 921 1449 sunt
930 1385 1026 1449 etiam

65 1485 186 1550 minores
213 1489 253 1549 dc
279 1489 393 1567 quibus
421 1505 602 1549 sermonem
626 1507 692 1550 non
715 1487 924 1550 instituimus.
949 1486 1026 1546 Haec

65 1583 155 1644 omnia
163 1593 350 1645 monumento
352 1585 438 1666 juris
447 1585 632 1655 ecclesiastici
636 1587 720 1664 apud
734 1583 910 1646 Ecclesiam
918 1582 1022 1644 orien-

64 1679 144 1742 talem
159 1699 263 1762 nuper
275 1683 405 1764 collegit
419 1683 588 1748 cardinalis
603 1683 700 1760 Pitra,
712 1683 802 1764 jussu
816 1679 864 1741 Pii
879 1681 931 1742 IX.

437 1885 566 1949 CAPUT
587 1889 628 1950 Ill

331 1997 552 2084 collectione·
567 2034 683 2084 latinae
697 2033 742 2094 (1).

92 2185 112 2246 l.
125 2183 247 2246 Initium
262 2186 463 2249 collectionum
477 2187 558 2267 opud
573 2187 705 2252 Latinos.
724 2217 772 2235 ’-
784 2189 879 2252 lnitio
891 2206 957 2251 non
968 2187 1023 2250 alii

62 2280 141 2357 quam
162 2283 285 2346 Nicaeni
305 2302 442 2347 canones
457 2287 554 2366 agniti
569 2287 713 2362 fuerunt;
730 2305 793 2366 quo
815 2285 872 2347 sub
892 2286 1021 2348 nomine

61 2382 401 2460 comprehendebantur
412 2384 507 2446 etiam
520 2385 734 2459 Sardioenses
752 2385 826 2463 quia
846 2385 1021 2446 concilium

60 2477 232 2542 Sardiconse
245 2487 408 2560 tamquam
422 2483 580 2561 appendix
593 2483 713 2544 Nioaeni
726 2481 912 2544 habebatur.

87 2578 173 2640 Brevi
186 2585 333 2658 tempore
348 2597 386 2640 ex
400 2581 581 2642 Graecorum
592 2579 757 2641 codicibus
775 2580 872 2642 latine
887 2579 1020 2641 redditis

59 2676 197 2738 coniectes
211 2682 285 2738 sunt
297 2679 467 2757 ampliores
483 2677 700 2754 collectiones,
719 2695 789 2758 quae
811 2677 976 2758 Hispanico
990 2681 1022 2738 et

58 2769 147 2834 Pn'scn
160 2775 320 2837 dicuntur.

87 2873 131 2931 An
142 2889 217 2934 vero
233 2875 335 2936 codex
347 2873 465 2936 latinus
481 2875 547 2954 qui,
571 2877 689 2954 praeter
707 2891 844 2935 canones
868 2871 1021 2935 concilio·

57 2983 124 3044 mm,
141 2987 253 3032 omnes
266 2971 363 3033 etiarn
378 2973 558 3050 pontificias
573 2972 815 3062 constitutiones
829 2972 1017 3056 contineret,

57 3064 230 3126 auctoritate
256 3065 380 3126 Sanctae
406 3066 496 3128 Sedis
509 3071 586 3128 tunc
611 3066 714 3126 editos
728 3066 833 3141 fuerit,
862 3064 1019 3126 incertum

57 3163 101 3220 est.
116 3162 179 3222 Sed
196 3167 320 3224 constat
340 3180 407 3224 non
423 3181 460 3226 eo
481 3163 577 3224 luisse
600 3181 678 3242 opus
697 3168 731 3224 ut
745 3163 922 3224 Decretales
941 3180 1019 3242 pro-

57 3259 269 3335 mulgarentur,
299 3265 330 3322 et
354 3259 437 3340 apud
455 3261 611 3321 Ecclesias
635 3260 699 3320 vim
723 3259 914 3321 obtinerent.
938 3261 1018 3323 Nam

57 3355 115 3415 satis
128 3357 332 3438 promulgata
355 3363 445 3422 erant
462 3359 587 3418 decreta
602 3357 803 3434 Pontificum,
820 3375 858 3448 eo
868 3359 959 3438 'quod
976 3361 1017 3422 ad

78 3499 104 3559 (l)
116 3502 242 3564 Ballerini,
253 3503 289 3552 De
300 3485 415 3568 ontt'puis'
423 3501 615 3553 collectionibus.
624 3527 655 3540 ·-
668 3503 936 3568 Constant.,lipistoloe
948 3506 1015 3558 llom.

56 3575 196 3643 Pontificum,
205 3588 225 3633 t.
238 3584 297 3632 1.-
308 3583 394 3646 Bouix,
409 3585 444 3634 De
455 3583 585 3648 principiis
591 3584 662 3650 juris
671 3584 790 3644 canonici,
797 3599 856 3652 pars
868 3585 913 3646 lll,
919 3601 973 3648 cap.
980 3599 1014 3635 ιν.

57 3661 195 3724 -Phillips,
211 3665 253 3714 Du
265 3662 337 3712 droit
351 3663 537 3727 ecclisicstique
550 3663 615 3714 doris
628 3677 667 3712 res
680 3678 787 3726 sources,
802 3666 874 3726 chap.
890 3679 908 3714 r.
