2626 4258
491 265 564 313 PARS
584 265 747 312 sruclttls.

539 486 565 534 3.
580 482 694 534 Dalana.

171 654 297 716 Dataria
321 659 369 716 est
391 655 471 716 illud
491 654 641 730 tribunal,
657 655 689 715 in
707 671 771 732 quo
787 635 962 733 gratieepro
974 653 1041 733 soro
1054 672 1108 714 ea-

133 761 216 813 terno
229 752 372 814 valiturae
386 754 605 815 conceduntur
623 758 654 814 et
668 751 889 832 expediuntur.
909 751 961 812 Sic
976 752 1104 826 dicitur,

131 851 206 930 quia
221 851 306 911 diem
320 853 401 912 datae
415 851 522 932 gratiae
535 853 674 913 adnotat.

169 949 218 1010 Ad
234 949 320 1009 illam
336 949 496 1027 pertinent
510 948 696 1010 collationes
715 948 944 1010 beneficiorum
959 945 1106 1007 Pontifici

130 1053 374 1124 reservaturum‚
400 1047 653 1126 dispensationes
675 1063 770 1126 super
793 1045 1031 1126 impedimentis
1049 1062 1108 1123 pu·

129 1145 224 1207 blicis
237 1146 443 1222 matrimonii,
460 1151 520 1208 etc.
580 1143 583 1156 '

168 1245 318 1306 Tribunal
347 1245 481 1306 Datariae
507 1243 712 1306 constituitur
739 1243 893 1305 cardinali
908 1241 1104 1321 Prodatario‚

127 1342 329 1420 Subdatario,
347 1342 553 1422 pluribusque
569 1341 768 1405 officialibus,

269 1557 382 1617 Quasrro
393 1558 429 1606 3¹.
449 1579 478 1593 -
490 1555 527 1608 Ds
538 1521 720 1606 ansunluraos
736 1567 908 1606 sxrsurxronrs
921 1555 973 1615 (llo
1074 1603 1076 1608 ,

170 1728 292 1804 Officia,
305 1728 420 1808 quibus
439 1731 587 1790 mandata
602 1732 649 1790 est
664 1727 825 1806 expeditio
839 1727 1017 1789 litterarum
1031 1743 1108 1805 apo·

127 1825 323 1904 stolicarum,
343 1831 416 1891 sunt
432 1825 615 1890 Cancellorio
634 1832 666 1888 et
684 1825 864 1888 Secretorio.
966 1885 969 1894 ,

507 2045 540 2108 Ν1.
558 2041 719 2093 Concellaria.
768 2081 770 2086 .

169 2213 360 2275 Cancellaria
375 2216 422 2274 est
435 2213 575 2275 tribunal
594 2232 657 2292 quo
681 2215 781 2276 Bullae
803 2213 996 2276 scribuntur.
1021 2209 1106 2276 Reli-

127 2310 198 2389 quis
210 2311 385 2372 dicasteriis
399 2311 587 2390 antiquitate
600 2311 765 2390 praecellit.

169 2410 262 2488 Apud
283 2409 383 2487 ipsam
397 2410 609 2488 expediuntur
620 2415 689 2472 tum
710 2409 838 2488 negotia
864 2408 1105 2482 consistorialia‚

125 2526 157 2568 v.
184 2524 214 2585 g.
245 2507 485 2586 episcopatuum
512 2507 633 2569 erectio
656 2512 686 2568 et
709 2507 858 2586 provisio,
872 2511 941 2566 tum
960 2507 1106 2584 quaedam

125 2604 323 2684 provisiones
339 2611 370 2667 et
392 2606 644 2684 dispensationes
658 2622 676 2664 a
692 2604 818 2666 Dataria
833 2620 1005 2678 concesse,
1027 2621 1106 2682 quo-

126 2703 188 2766 ties
203 2703 339 2764 formam
353 2705 514 2766 Bullarum
529 2704 704 2782 requirunt.
788 2747 790 2763 .

168 2802 369 2863 Cancellariae
392 2803 541 2882 presidet
553 2801 722 2864 cardinalis
743 2799 1033 2876 Vise-Concelloriuq
1054 2803 1106 2862 eui

126 2898 262 2962 subsunt
284 2900 375 2961 multi
399 2901 560 2962 oiliciales.
588 2901 700 2981 Repetas
719 2899 880 2960 distribuit
902 2899 1106 2977 supplicatio·

125 3014 184 3058 nes
200 3003 232 3060 et
252 2998 358 3058 Bullas
373 2999 518 3078 corrigit.
545 3000 720 3078 Collegium
738 2997 974 3059 abbreviatorem
985 2997 1107 3074 judicat

127 3096 330 3157 difficultates
341 3115 412 3174 quae
423 3097 690 3160 circalitterarum
701 3097 935 3177 expeditionem
948 3095 1104 3158 oriuntur.

127 3192 191 3254 Alii
217 3193 369 3255 ofliciales
389 3194 422 3254 in
443 3195 543 3257 Bullis
564 3195 736 3257 revisendis
755 3201 787 3257 et
810 3193 1015 3272 expediendis
1038 3211 1106 3255 ver-

127 3294 247 3352 santur.

160 3476 196 3540 tl)
208 3475 322 3538 Phillips‚
334 3477 379 3525 lus
390 3476 592 3537 ecclesiasticum,
607 3477 622 3542 ᾖ
640 3441 700 3530 121}
716 3503 747 3514 -
762 3478 889 3538 Stremler,
905 3478 950 3529 des
964 3479 1051 3530 Peines
1066 3493 1105 3529 ec·

126 3555 313 3620 clesiostiques,
324 3556 356 3605 de
370 3553 471 3620 l'Appel
482 3557 506 3606 el
515 3556 560 3606 des
574 3556 772 3627 Conpre'potr'ous
781 3557 918 3607 romotnes.
