2620 4258
230 243 282 290 286
398 243 553 288 EXPOSITIO
575 243 751 288 METEODICA
772 243 855 288 tutus
878 241 1033 287 canonlcl.

270 361 330 424 Ubi
353 359 666 440 quaedambeueticia
681 359 892 438 excipiuntur,
912 378 940 420 v.
959 379 991 438 g.
1013 357 1218 420 beneficium

234 459 378 521 Pontifici
396 463 600 534 reservatum,
617 458 795 533 electivum,
813 463 1024 536 patronatum,
1040 457 1217 518 nihilomi-

233 574 291 617 nus
312 557 460 636 Episcopi
479 557 648 619 auctoritas
662 559 728 618 fare
744 573 869 634 semper
888 555 1079 616 intervenire
1097 553 1214 627 debet,

230 653 305 716 licet
332 653 449 732 dispari
469 655 566 715 modo
595 672 654 732 pro
675 655 797 716 diverso
812 653 946 714 aliorum
965 640 1101 726 influxu3
1123 671 1165 723 v„
1182 669 1214 729 g.

231 751 280 811 vel
295 768 353 828 per
373 751 605 822 institutionem
624 770 686 830 qua
706 751 816 814 titulus
828 750 974 812 beneficii
992 766 1141 828 personae
1158 749 1218 808 de-

235 847 365 926 signatae
387 850 558 926 confertur,
581 851 629 911 vel
651 851 764 912 saltem
787 865 844 928 per
861 847 1128 926 approbationem
1150 863 1215 924 pro

232 961 309 1007 cura
320 947 507 1008 animarum.
1290 933 1291 944 ’

270 1057 307 1116 ll.
327 1055 475 1118 Terminus
489 1058 661 1120 collationis.
677 1092 717 1104 -
730 1061 816 1132 ,Cum
832 1057 1008 1136 Episcopus
1031 1057 1084 1136 jus
1106 1057 1215 1136 provi·

232 1153 329 1214 sionis
344 1155 475 1232 plenum
488 1156 595 1232 habet,
606 1157 702 1218 unico
713 1161 787 1218 actu
799 1155 990 1218 beneficium
1006 1155 1212 1225 conceditur,

233 1265 349 1328 nempe
362 1252 600 1314 transmissione
620 1252 802 1331 diplomatis
814 1252 957 1332 legitime
969 1251 1126 1325 conlecti;
1144 1269 1215 1328 quo

234 1353 366 1427 accepto
378 1349 429 1427 jus
445 1348 477 1407 in
495 1348 651 1410 beneficio
665 1351 750 1412 velut
763 1351 815 1428 jus
829 1350 862 1410 in
875 1367 909 1411 re
929 1349 1111 1427 acquiritur,
1128 1347 1218 1409 sieut
1290 1343 1291 1422 Q

235 1447 409 1523 acquiritur
427 1453 616 1526 praesentato
638 1465 696 1528 per
721 1448 952 1510 institutionem
976 1452 1007 1508 et
1030 1448 1132 1508 electo
1156 1464 1219 1525 per
1290 1497 1291 1504 ,

234 1545 523 1606 confirmationem.

276 1656 410 1718 collatio
431 1657 574 1719 nondum
597 1661 770 1736 acceptata,
791 1657 839 1717 vel
863 1654 958 1716 etiam
982 1656 1049 1716 sola
1070 1671 1216 1733 personae

237 1753 413 1832 designatio
424 1755 537 1816 tribuit
548 1754 827 1832 tantummodoJ'us
842 1755 880 1813 ad
890 1769 969 1827 rem,
981 1753 1024 1814 ita
1039 1758 1075 1814 ut
1087 1753 1217 1830 Episco-

239 1867 298 1926 pus
312 1851 504 1912 heneficium
519 1853 609 1913 alteri
624 1853 769 1914 conterre
788 1856 934 1930 nequeat,
956 1853 1058 1912 donec
1079 1851 1125 1912 vel
1148 1851 1217 1928 ipse

239 1947 420 2008 collatarius
432 1950 483 2028 Jus
496 1949 666 2026 dimiserit,
684 1951 731 2010 vel
746 1951 871 2029 lapsum
885 1949 980 2011 luerit
990 1955 1119 2028 tempus
1135 1965 1219 2026 prae·

239 2043 348 2104 lixum.

283 2155 334 2214 ΙΙΙ.
352 2153 458 2216 Modus
474 2155 644 2236 conserendi
656 2155 804 2238 beneficae.
822 2190 862 2204 --
887 2156 1071 2234 Requiritur
1089 2163 1124 2215 ut
1141 2153 1218 2231 Epi-

242 2269 356 2330 scopus
388 2255 506 2316 certior
542 2255 596 2316 fiat
631 2256 670 2317 de
711 2255 884 2317 idoneitate
912 2253 1216 2332 promovendorum.

245 2350 849 2432 Quamobremregulariterlnstitutioni
860 2353 1065 2431 premittitur
1075 2366 1218 2412 examen.

282 2464 396 2522 Forma
406 2480 481 2524 vero
496 2463 589 2543 hujus
602 2464 753 2525 examinis
765 2481 828 2524 non
842 2463 1067 2542 praescribitur,
1082 2461 1144 2521 nisi
1158 2477 1219 2538 pro

217 2571 219 2576 ·
247 2558 409 2620 beneficiis
423 2559 672 2660 parochialibus

491 2800 515 2846 2.
532 2797 635 2846 Collatio
649 2796 823 2859 parochiarum
839 2797 863 2846 in
879 2796 971 2858 specie.

286 2975 308 3035 l.
334 2976 381 3036 Ad
405 2975 586 3052 parochiale
601 2993 716 3039 munus
732 2977 805 3058 eligi
826 2977 920 3038 debet
940 2993 1077 3056 persona
1097 2973 1215 3046 idonea,

245 3073 541 3152 videlicet-predita
554 3076 655 3136 aetatis
670 3077 860 3146 maturitate,
876 3091 1002 3135 morum
1019 3073 1168 3152 gravitate
1190 3077 1221 3133 et

248 3171 428 3233 litterarum
440 3173 583 3236 scientia.
601 3175 669 3236 lmo
682 3181 718 3235 ut
736 3175 835 3252 major
844 3171 1048 3234 adhiberetur
1063 3169 1222 3251 diligentia

250 3269 283 3327 in
297 3270 420 3330 idoneis
436 3271 509 3332 viris
526 3273 566 3332 ad
580 3271 663 3333 istud
682 3271 823 3334 officium
841 3269 1051 3344 assumendis,
1073 3273 1221 3331 statutum

251 3369 299 3424 est
313 3367 508 3440 parochiales
522 3353 672 3430 ecclesias
692 3368 889 3448 dignioribus
911 3367 1121 3429 conferendas
1144 3382 1219 3427 esse.

251 3459 325 3532 Quae
338 3464 444 3538 regula
460 3469 496 3525 ut
511 3465 647 3527 fideliter
659 3467 888 3540 observaretur,
902 3483 920 3526 a
936 3465 1079 3526 Concilio
1097 3463 1224 3525 Triden-

250 3559 318 3622 tino
337 3563 398 3623 lata
416 3560 475 3622 luit
494 3562 544 3622 lex
560 3564 599 3624 de
613 3581 769 3626 concursu
785 3563 980 3625 instituendo
1000 3563 1036 3623 in
1058 3561 1225 3625 collatione
