2626 4258
529 334 602 379 PARS
621 332 784 378 sanctone.
1098 327 1147 375 eal

170 450 273 528 monas,
298 451 413 531 quibus
441 451 614 514 intererant
635 449 786 530 Episcopi
809 446 1018 510 suburbicarii
1043 451 1074 514 ct
1096 447 1149 509 alii

171 567 245 612 cum
259 549 454 630 presbyteris
469 555 500 610 et
514 548 655 610 diaconis
672 547 824 610 Ecclesia
839 547 1000 608 Romana.

211 649 324 708 Causas
336 647 472 726 majores
481 647 577 709 etiam
587 645 751 709 solvebant
760 647 793 706 in
807 650 915 707 senatu
926 643 1148 720 Cardinalium,

171 763 387 825 responsaque
403 764 460 826 per
472 747 650 808 Decretales
667 745 816 807 edebant.

210 845 252 906 ll.
270 845 425 906 Asaeculo
440 861 473 905 m
488 861 586 922 usque
606 842 865 921 adxv1‚negotia
886 847 1022 922 quatuor
1046 841 1152 904 modis

168 941 423 1021 judicabantura
438 943 553 1004 Sancta
570 943 652 1004 Sede
671 963 677 1002 :

212 1042 241 1101 l.
258 1040 404 1102 Pontifex
417 1039 485 1119 ipse
497 1039 642 1102 conciliis
656 1037 855 1119 generalibus
869 1038 1008 1117 prefuit.

211 1141 241 1200 Ξ.
259 1140 427 1200 Crescente
440 1155 575 1200 numero
587 1139 729 1198 fidelium
744 1141 776 1198 et
789 1137 989 1215 negotiorum
999 1136 1039 1196 ad
1054 1137 1152 1198 Sanc·
1179 1199 1182 1204 ,

171 1240 238 1299 tam
254 1237 371 1298 Sedem
386 1237 624 1312 confluentium,
640 1235 807 1297 viciniores
821 1233 971 1314 Episcopi
990 1233 1064 1294 iacti
1079 1239 1153 1295 sunt

173 1334 317 1396 membra
331 1335 418 1396 Sacri
436 1325 566 1414 Collegii
589 1335 686 1413 quod,
709 1333 881 1412 imaginem
896 1331 1023 1393 concilii
1036 1350 1102 1411 prae
1118 1349 1151 1394 se

172 1433 288 1508 ferens,
312 1433 408 1494 evasit
418 1432 614 1494 ordinarium
630 1431 792 1494 Pontificis
803 1429 980 1492 consilium.
997 1430 1032 1489 In
1046 1429 1166 1518 consis-¹

174 1529 247 1592 torio
258 1535 306 1592 ter
314 1531 555 1592 inhebdomade
566 1534 752 1602 convocato,
764 1527 914 1590 consultis
924 1525 1150 1600 cardinalibus

172 1626 402 1694 interveniente
418 1644 568 1705 processu
579 1625 759 1706 judiciario,
770 1625 837 1704 ipse
847 1623 989 1686 Pontifex
1001 1623 1152 1703 pleraque

174 1724 301 1802 negotia
311 1724 486 1804 judicabat.

213 1824 247 1886 3.
265 1824 300 1883 ln
315 1823 534 1902 frequentibus
549 1821 762 1902 legationibus
787 1819 961 1882 cardinales
982 1819 1155 1882 auctorita·

173 1925 238 1984 tem
255 1919 461 1998 apostolicam
477 1925 508 1982 et
520 1921 715 1982 ordinariam
729 1919 930 1981 exercebant.
1241 1922 1242 1925 ’

213 2023 243 2080 d.
258 2017 443 2106 'Tribunalia
457 2020 608 2082 interiora
623 2039 672 2084 res
687 2019 819 2082 minoris
839 2017 993 2082 momenti
1006 2016 1155 2096 expedie—
1176 2083 1178 2088 ,

174 2115 262 2178 bant.

214 2217 265 2276 lll.
283 2218 370 2278 AEtas
390 2218 670 2296 congregationum
690 2217 804 2296 incipit
818 2235 835 2277 a
848 2217 965 2293 saeculo
980 2230 1043 2277 xvt.
1066 2214 1154 2278 Sicut

176 2314 353 2376 Concilium
366 2314 587 2376 Tridentinum
607 2315 640 2374 in
663 2315 793 2394 singulis
809 2313 998 2376 dioecesibus
1018 2313 1155 2376 instituit
1210 2332 1214 2344 ·

174 2412 305 2492 collegia
320 2413 459 2492 capitulo
469 2413 618 2474 interiora
631 2411 743 2492 quibus
754 2413 954 2490 adjuvaretur
966 2411 1151 2490 Episcopus

175 2509 220 2571 ita
231 2509 377 2571 Patribus
385 2511 514 2572 concilii
525 2511 718 2590 optantibus,
730 2515 862 2588 urgente
875 2508 1025 2587 gravitate
1036 2509 1154 2568 etmul-

175 2609 313 2672 titudine
327 2609 530 2690 negotiorum
551 2609 584 2670 in
607 2609 674 2670 dies
689 2608 788 2688 magis
810 2625 847 2670 ac
872 2608 971 2686 magis
984 2609 1022 2668 ad
1039 2605 1154 2669 Sedem

176 2708 393 2786 apostolicam
422 2708 587 2783 devoluta,
623 2706 803 2780 Pontifices,
829 2723 870 2768 ne
899 2705 1155 2784 opprimerentur

176 2822 272 2866 onere
283 2805 565 2868 administrationis
578 2805 629 2866 oui
640 2803 863 2868 consistorium
880 2821 944 2864 non
960 2801 1152 2874 sufficiebat,

175 2902 353 2964 successive
366 2903 571 2965 instituerunt
585 2904 778 2983 frequentes,
795 2885 959 2963 distinctos
974 2906 1006 2961 et
1025 2899 1154 2972 stabiles

176 3002 391 3063 Cardinalium
406 3006 592 3076 conventus,
604 3019 739 3080 quorum
752 3001 876 3080 judices
885 2997 1035 3061 ordinarii
1052 2997 1156 3057 divar-

175 3117 225 3161 sas
247 3117 355 3162 causas
380 3099 532 3160 maturius
553 3101 788 3179 perpenderent
813 3117 849 3160 ac
878 3097 1056 3159 definirent.
1081 3095 1155 3156 Haec

175 3199 238 3261 luit
249 3198 374 3261 occasio
386 3199 652 3260 instituendarum
668 3197 967 3276 congregationum.

216 3297 252 3357 In
266 3296 352 3356 hunc
373 3296 488 3373 finem,
501 3301 536 3356 ut
550 3295 784 3374 applicarentur
803 3296 887 3373 leges
900 3293 939 3354 ab
955 3291 1095 3354 Ecclesia
1109 3308 1160 3352 sa·

176 3393 303 3474 pienter
314 3393 454 3456 conditae
465 3393 549 3454 circa
560 3393 797 3468 fldem‚cultum
809 3397 841 3453 et
851 3391 1005 3470 reliquam
1017 3389 1158 3470 discipli-

176 3509 264 3568 nam,
285 3491 550 3570 congregationes
572 3495 687 3552 erectae
703 3493 776 3550 sunt
791 3488 922 3550 diversis
936 3485 1155 3567 temporibus:

219 3592 250 3650 l.
273 3590 355 3650 Ante
378 3589 502 3650 Sixtum
524 3589 562 3664 V,
577 3589 728 3651 instituta
743 3588 870 3648 luerunt
891 3586 1159 3666 congregationes

180 3687 213 3748 S.
233 3685 349 3763 Officii,
366 3685 511 3762 Concilii,
530 3687 660 3766 Indicis,
676 3686 917 3768 Episcoporum.
