2626 4258
201 321 253 370 Mt
365 320 521 367 excostrlo
543 320 718 366 ussrnoolct
740 321 824 366 JUillS
845 321 1000 366 cenonict.

198 439 380 523 diligentius
397 440 639 517 administrant;
657 442 780 503 facilius
796 441 984 503 Pontificem
995 443 1179 505 consulunt.

197 541 433 620 Experientiam
457 541 627 619 acquirunt
652 541 685 601 in
711 540 840 608 diversis
860 557 967 602 rerum
995 541 1178 621 generibus,

124 632 125 635 '
197 640 358 718 inquibus
373 639 470 700 iidem
486 643 666 700 constanter
678 639 902 701 exercitantur.

236 743 287 801 lv.
304 740 449 801 Alterum
467 739 675 800 commodum
697 743 744 800 est
765 737 921 818 collegiatis
931 738 1028 820 formo
1041 757 1180 820 congre-

196 838 371 919 gationum.
1000 839 1003 845 “

236 936 393 1014 Equidem
403 936 439 996 lt.
454 935 600 997 Pontifex
614 933 769 1015 potuisset
775 935 1033 1015 jurisdictionem
1045 935 1179 1016 singulis

196 1031 414 1096 cardinalibus
439 1033 689 1106 communicare,
713 1037 748 1094 ut
771 1049 860 1096 more
879 1033 995 1096 vicarii
1020 1035 1179 1113 generalis

195 1131 340 1210 privatim
362 1131 490 1208 negotia
510 1130 692 1208 dirigerent.
710 1133 828 1192 Verum
845 1130 982 1192 instituit
993 1131 1129 1211 collegia
1143 1133 1178 1193 in
1284 1157 1286 1162 ·

195 1225 309 1305 quibus
322 1226 501 1291 cardinales
515 1226 701 1303 deliberant,
716 1231 747 1288 et
759 1229 861 1306 major
868 1229 1013 1308 judicum
1023 1247 1178 1292 numerus

196 1324 262 1386 edit
276 1324 460 1385 sententias,
487 1324 583 1402 Atqui
610 1325 804 1402 experientia
820 1325 989 1405 cujuslibet
1013 1327 1177 1390 societatis

195 1426 319 1482 constat
333 1421 451 1482 utilitas
471 1421 679 1482 tribunalium
702 1423 909 1502 collegialiter
923 1429 1104 1486 erectorum
1117 1443 1178 1504 pro

169 1563 171 1567 .
195 1519 392 1600 gravioribus
407 1519 509 1580 causis
521 1520 718 1582 dirimendis.

233 1617 401 1694 Praeterea,
418 1623 454 1678 ut
466 1617 601 1697 negotiis
616 1619 736 1697 optime
751 1617 913 1693 discussis,
931 1636 968 1680 ea
981 1635 1108 1698 semper
1122 1621 1179 1682 de·

196 1723 401 1778 cernerentur
415 1735 486 1794 quae
502 1717 595 1777 saluti
611 1721 641 1776 et
654 1716 786 1794 justitiae
803 1723 1014 1779 consentanca
1028 1723 1119 1796 sunt,
1134 1721 1176 1781 ad

196 1814 455 1892 congregationes
470 1815 630 1892 pertinent
643 1813 777 1892 collegia
792 1814 1015 1893 theologorum
1031 1821 1063 1878 et
1077 1833 1177 1878 cano-

194 1910 360 1985 nistarum,
388 1910 441 1988 qni
457 1911 661 1971 difficultates
679 1911 789 1988 praevii
806 1917 996 1987 scrutantur,
1019 1921 1052 1976 et
1071 1916 1178 1976 consi·

193 2007 244 2068 liis
263 2024 348 2086 saepe
361 2007 536 2068 collectivis
550 2006 726 2068 cardinales
743 2008 901 2088 adjuvant.
923 2007 1108 2073 consultores
1123 2012 1175 2074 di-

194 2109 322 2168 cuntur.
694 2103 698 2116 ‘

331 2307 362 2358 lt.
375 2333 404 2346 -
417 2307 565 2358 constitutio
579 2307 802 2370 congregationum
815 2310 982 2360 Romanarum
992 2312 1036 2373 (tl.

234 2479 302 2538 Duo
316 2484 391 2540 sunt
404 2479 631 2556 expendenda:
645 2482 677 2540 l⁰
690 2479 817 2541 illarum
831 2478 1016 2542 constitutio
1030 2479 1172 2555 interna3

193 2578 225 2638 2⁰
240 2577 352 2639 Modus
363 2595 427 2656 quo
441 2577 630 2657 procedunt.

473 2799 497 2844 1.
516 2795 609 2844 Eorum
619 2791 763 2843 constitutio
777 2792 884 2843 interno.

231 2963 379 3025 Numerus
392 2962 609 3025 cardinalium
624 2962 663 3022 ad
677 2961 814 3040 singulas
825 2961 1092 3040 congregationes
1104 2977 1174 3040 per-

191 3061 361 3124 tinentium
375 3060 507 3122 arbitrio
524 3062 561 3120 R.
582 3059 744 3121 Pontiliois
767 3058 1013 3134 determinatum
1035 3059 1093 3119 sed
1109 3063 1175 3119 tres

191 3160 303 3221 saltem
317 3161 426 3220 adesse
442 3159 560 3220 debent
570 3163 604 3219 ut
618 3155 776 3219 sententia
786 3156 827 3217 sit
839 3156 954 3218 valida.

231 3258 405 3338 Cardinalis
421 3257 589 3338 Profectus
608 3254 888 3335 congregationem
912 3251 1038 3326 indicit3
1062 3251 1174 3330 dirigit

123 3381 129 3395 ·
189 3355 327 3434 negotia,
350 3373 400 3416 res
421 3356 553 3417 minoris
569 3353 722 3416 momenti
741 3367 816 3443 oum
833 3351 1004 3414 secretario
1028 3349 1167 3428 expedit.

221 3525 253 3587 (tl
269 3525 395 3586 Stremlor‚
406 3523 448 3574 dec
464 3525 551 3574 Peines
563 3523 766 3590 ecclesiectr'ques,
779 3520 811 3570 de
825 3519 927 3586 [lippet
944 3529 970 3569 et
991 3519 1036 3571 des
1057 3518 1169 3582 conpre-

188 3608 287 3667 poltons
298 3606 433 3656 romoioes.
442 3630 472 3643 -
483 3607 599 3658 Analecta
611 3605 675 3666 juris
688 3603 809 3668 pontificii
825 3618 831 3650 ι
849 3603 899 3652 Dec
913 3601 1116 3669 Congregetiom
1127 3613 1170 3648 ro·

189 3697 293 3735 matoes.
