2626 4258
458 293 532 337 PARS
554 293 719 343 SPECIALIS.
1018 301 1071 349 839

133 413 172 476 11.
199 411 356 474 Nonnulla
372 410 509 473 concilia
530 411 742 490 particularia,
758 415 791 476 in
813 415 940 479 Oriente
966 419 1013 479 vel
1040 419 1072 480 in

91 511 268 574 Occidente
278 508 396 583 hahita,
413 513 536 570 tantam
552 509 819 574 existimationem
834 513 1022 591 hahuerunt,
1039 523 1073 578 ut

90 627 207 672 corum
221 609 360 681 decreta,
378 625 416 669 ex
428 626 564 668 consensa
580 609 669 668 tacito
690 611 726 672 R.
751 611 925 689 Pontificis,
945 613 984 675 ab
1002 615 1072 675 uni·

90 724 183 769 versa
197 705 342 769 Ecclesia
354 705 583 785 reciperentur.

494 932 624 994 CAPUT
645 933 673 994 ll

358 1105 408 1154 ΙΙο
426 1103 579 1168 οοΠοςίΙι
597 1105 805 1158 clericorum.

134 1277 222 1337 Inter
237 1273 373 1336 concilia
395 1278 426 1335 et
443 1274 578 1353 collegia
603 1275 793 1337 clericorum
817 1276 880 1338 hoc
904 1277 1074 1340 discrimen

91 1373 268 1436 intercedit
282 1389 290 1433 ε
302 1372 334 1432 in
348 1371 652 1450 conciliisEpiscopi
664 1374 749 1450 leges
762 1379 903 1437 statuunt
915 1396 922 1447 ;
941 1377 1075 1454 collegia

91 1477 203 1533 autem
223 1469 414 1532 clericorum
435 1469 579 1532 instituta
593 1471 721 1533 luerunt
742 1478 777 1536 ut
789 1475 933 1538 Pastores
945 1477 1075 1556 adjuva·

90 1574 223 1632 rentur.

135 1670 282 1730 Jamvero
295 1667 441 1727 Pastorcs
459 1666 627 1745 adjuvandi
641 1671 715 1729 sunt
728 1669 777 1729 vel
799 1671 948 1731 Summus
969 1671 1076 1733 Ponti-

89 1768 158 1839 fex,
183 1764 232 1825 vel
255 1762 405 1842 llpiscopi
433 1763 613 1824 dioecesani.
639 1765 714 1826 ldeo
739 1766 856 1846 duplex
873 1768 1077 1849 distinguitur

91 1862 219 1944 species
232 1860 439 1940 collegiorum
458 1860 665 1923 clericalium.

465 2085 685 2142 ARTICULUS
704 2087 718 2141 1

397 2265 436 2304 uu
452 2263 550 2304 cuum
574 2264 707 2304 nonnus
729 2249 780 2318 (l).

143 2429 168 2490 1.
185 2426 273 2490 Illius
285 2426 375 2488 notio.
395 2455 435 2474 -ι
447 2425 540 2487 Curia
562 2441 693 2486 romana
715 2424 851 2488 sumitur
871 2428 970 2490 vulin
988 2447 1081 2492 sensu

93 2528 165 2588 lato
177 2525 226 2586 vel
237 2524 374 2586 insensu
386 2524 507 2586 stricto.

137 2625 176 2684 lu
184 2641 276 2684 sensu
284 2621 388 2686 latiori
399 2621 530 2684 nomine
540 2622 642 2683 Guriae
653 2637 794 2682 romana
804 2622 891 2684 venit
900 2625 1082 2702 complexus

93 2721 292 2794 ciliciorum,
303 2719 585 2799 congregationum
597 2724 628 2780 et
638 2719 856 2791 tribunalium,
867 2720 982 2798 quihus
993 2723 1083 2784 Sum-

95 2837 173 2880 mus
184 2818 331 2880 Pontilex
341 2818 382 2880 ¹in
396 2817 551 2896 regimine
561 2816 626 2878 sive
639 2817 737 2879 totius
753 2817 903 2880 Ecclesia
914 2819 979 2881 sive
990 2819 1085 2881 ditio·

21 2985 22 3000 .
95 2917 149 2978 uis
164 2916 390 2980 ecclesiasticae
403 2914 515 2976 utitur.

21 3015 22 3038 ¹
139 3017 177 3076 ln
197 3031 292 3076 sensu
318 3014 440 3088 stricto,
469 3012 562 3076 Curia
579 2999 711 3074 romana
731 3011 922 3074 discernitur
941 3012 982 3074 ab
1005 3013 1086 3074 Aula

97 3129 245 3185 romane,
273 3129 346 3191 quae
366 3117 484 3174 statum
503 3110 704 3189 pontificium
726 3109 892 3188 gubernat.
914 3111 971 3171 Illa
988 3115 1036 3171 est
1054 3109 1087 3170 in

99 3210 247 3274 Ecclesia
261 3227 416 3289 organum
426 3208 667 3283 intermedium,
675 3225 742 3288 ¹quo
755 3210 792 3270 ll.
808 3207 954 3270 Pontifex
968 3208 1086 3287 parlim

100 3325 222 3371 munus
237 3325 330 3370 suum
349 3307 525 3388 exequitur.

136 3501 172 3564 (l)
186 3498 263 3550 Cerd.
287 3498 318 3548 de
344 3499 421 3560 Luca,
442 3497 539 3548 Relatio
552 3496 637 3546 Curio
652 3497 777 3548 Romane.
797 3523 825 3534 -
846 3495 933 3559 nourr,
956 3495 988 3546 de
1009 3475 1088 3548 Curio

101 3579 230 3630 nomana.
247 3605 277 3616 -·
291 3578 430 3630 Alexander
439 3577 492 3642 vll,
505 3581 584 3631 const.
601 3576 673 3628 luter
691 3579 802 3630 celeras.
816 3603 847 3614 -
858 3578 1010 3644 Benedictus
1024 3578 1088 3642 mv,

101 3665 186 3713 const.
201 3658 271 3710 Inter
282 3659 437 3723 conspicuos.
883 3665 885 3670 ·
