<?xml version="1.0" encoding="UTF-8"?>
<!DOCTYPE html PUBLIC "-//W3C//DTD XHTML 1.0 Transitional//EN"
    "http://www.w3.org/TR/xhtml1/DTD/xhtml1-transitional.dtd">
<html xmlns="http://www.w3.org/1999/xhtml" xml:lang="en" lang="en">
 <head>
  <title>
</title>
<meta http-equiv="Content-Type" content="text/html;charset=utf-8" />
  <meta name='ocr-system' content='tesseract 3.04.00' />
  <meta name='ocr-capabilities' content='ocr_page ocr_carea ocr_par ocr_line ocrx_word'/>
</head>
<body>
  <div class='ocr_page' id='page_1' title='image "./expositiomethod00hugugoog_0110.png"; bbox 0 0 2588 4272; ppageno 0'>
   <div class='ocr_carea' id='block_1_1' title="bbox 461 287 1081 347">
    <p class='ocr_par' dir='ltr' id='par_1_1' title="bbox 461 287 1081 347">
     <span class='ocr_line' id='line_1_1' title="bbox 461 287 1081 347; baseline 0.002 -1"><span class='ocrx_word' id='word_1_1' title='bbox 461 301 535 346; x_wconf 79' lang='lat' dir='ltr'>runs</span> <span class='ocrx_word' id='word_1_2' title='bbox 555 287 734 346; x_wconf 74' lang='lat' dir='ltr'>ensurius.</span> <span class='ocrx_word' id='word_1_3' title='bbox 1047 297 1081 347; x_wconf 79' lang='lat' dir='ltr'>ts</span> 
     </span>
    </p>
   </div>
   <div class='ocr_carea' id='block_1_2' title="bbox 148 415 1123 665">
    <p class='ocr_par' dir='ltr' id='par_1_2' title="bbox 148 415 1123 665">
     <span class='ocr_line' id='line_1_2' title="bbox 156 415 684 488; baseline -0.002 -17"><span class='ocrx_word' id='word_1_4' title='bbox 156 419 180 471; x_wconf 91' lang='lat' dir='ltr'>l.</span> <span class='ocrx_word' id='word_1_5' title='bbox 194 416 279 472; x_wconf 89' lang='lat' dir='ltr'>Notio</span> <span class='ocrx_word' id='word_1_6' title='bbox 291 419 320 472; x_wconf 88' lang='lat' dir='ltr'>et</span> <span class='ocrx_word' id='word_1_7' title='bbox 337 416 444 488; x_wconf 86' lang='lat' dir='ltr'>speeies</span> <span class='ocrx_word' id='word_1_8' title='bbox 455 415 684 472; x_wconf 85' lang='lat' dir='ltr'><strong>consuetudinis.</strong></span> 
     </span>
     <span class='ocr_line' id='line_1_3' title="bbox 150 502 1123 588; baseline -0.001 -29"><span class='ocrx_word' id='word_1_9' title='bbox 150 508 175 560; x_wconf 80' lang='lat'>2.</span> <span class='ocrx_word' id='word_1_10' title='bbox 190 504 372 561; x_wconf 89' lang='lat' dir='ltr'>Conditioues</span> <span class='ocrx_word' id='word_1_11' title='bbox 386 504 533 576; x_wconf 73' lang='lat' dir='ltr'>requisita</span> <span class='ocrx_word' id='word_1_12' title='bbox 545 508 578 560; x_wconf 89' lang='lat' dir='ltr'>ut</span> <span class='ocrx_word' id='word_1_13' title='bbox 592 502 768 561; x_wconf 80' lang='lat' dir='ltr'>consuetudo</span> <span class='ocrx_word' id='word_1_14' title='bbox 777 503 836 560; x_wconf 88' lang='lat' dir='ltr'>vim</span> <span class='ocrx_word' id='word_1_15' title='bbox 847 503 919 575; x_wconf 84' lang='lat' dir='ltr'>legis</span> <span class='ocrx_word' id='word_1_16' title='bbox 930 503 1047 560; x_wconf 84' lang='lat' dir='ltr'>haheat.</span> <span class='ocrx_word' id='word_1_17' title='bbox 1120 581 1123 588; x_wconf 17' lang='lat' dir='ltr'>y</span> 
     </span>
     <span class='ocr_line' id='line_1_4' title="bbox 148 593 838 665; baseline 0 -17"><span class='ocrx_word' id='word_1_18' title='bbox 148 594 173 648; x_wconf 83' lang='lat'>³.</span> <span class='ocrx_word' id='word_1_19' title='bbox 188 593 296 657; x_wconf 75' lang='lat' dir='ltr'>tinibus</span> <span class='ocrx_word' id='word_1_20' title='bbox 311 593 404 648; x_wconf 88' lang='lat' dir='ltr'>modis</span> <span class='ocrx_word' id='word_1_21' title='bbox 414 593 592 649; x_wconf 78' lang='lat' dir='ltr'>consuetudo</span> <span class='ocrx_word' id='word_1_22' title='bbox 606 593 771 665; x_wconf 84' lang='lat' dir='ltr'>abrogatur.</span> <span class='ocrx_word' id='word_1_23' title='bbox 835 609 838 616; x_wconf 87' lang='lat'><em>·</em></span> 
     </span>
    </p>
   </div>
   <div class='ocr_carea' id='block_1_3' title="bbox 266 783 926 842">
    <p class='ocr_par' dir='ltr' id='par_1_3' title="bbox 266 783 926 842">
     <span class='ocr_line' id='line_1_5' title="bbox 266 783 926 842; baseline 0.003 -12"><span class='ocrx_word' id='word_1_24' title='bbox 266 783 380 842; x_wconf 73' lang='lat' dir='ltr'>Qonssro</span> <span class='ocrx_word' id='word_1_25' title='bbox 393 787 424 835; x_wconf 88' lang='lat' dir='ltr'>l·.</span> <span class='ocrx_word' id='word_1_26' title='bbox 437 783 673 834; x_wconf 81' lang='lat' dir='ltr'>-Consosroornrs</span> <span class='ocrx_word' id='word_1_27' title='bbox 688 795 764 833; x_wconf 83' lang='lat' dir='ltr'>norro</span> <span class='ocrx_word' id='word_1_28' title='bbox 779 795 810 832; x_wconf 82' lang='lat' dir='ltr'>un</span> <span class='ocrx_word' id='word_1_29' title='bbox 824 793 926 833; x_wconf 79' lang='lat' dir='ltr'>orsurus.</span> 
     </span>
    </p>
   </div>
   <div class='ocr_carea' id='block_1_4' title="bbox 83 937 1091 3360">
    <p class='ocr_par' dir='ltr' id='par_1_4' title="bbox 116 937 1083 1120">
     <span class='ocr_line' id='line_1_6' title="bbox 152 937 1083 1020; baseline -0.001 -19"><span class='ocrx_word' id='word_1_30' title='bbox 152 941 178 1002; x_wconf 93' lang='lat'>1.</span> <span class='ocrx_word' id='word_1_31' title='bbox 197 939 333 1002; x_wconf 77' lang='lat' dir='ltr'>Ratione</span> <span class='ocrx_word' id='word_1_32' title='bbox 355 941 483 1016; x_wconf 86' lang='lat' dir='ltr'>valoris,</span> <span class='ocrx_word' id='word_1_33' title='bbox 503 939 709 1020; x_wconf 86' lang='lat' dir='ltr'>distinguitur</span> <span class='ocrx_word' id='word_1_34' title='bbox 733 939 929 1002; x_wconf 83' lang='lat' dir='ltr'>consuetudo</span> <span class='ocrx_word' id='word_1_35' title='bbox 956 937 1031 1018; x_wconf 83' lang='lat' dir='ltr'>faeti</span> <span class='ocrx_word' id='word_1_36' title='bbox 1051 943 1083 1000; x_wconf 89' lang='lat' dir='ltr'>et</span> 
     </span>
     <span class='ocr_line' id='line_1_7' title="bbox 116 1038 408 1120; baseline 0.007 -23"><span class='ocrx_word' id='word_1_37' title='bbox 116 1038 308 1098; x_wconf 82' lang='lat' dir='ltr'>consuetudo</span> <span class='ocrx_word' id='word_1_38' title='bbox 313 1057 408 1120; x_wconf 64' lang='lat' dir='ltr'>juras</span> 
     </span>
    </p>

    <p class='ocr_par' dir='ltr' id='par_1_5' title="bbox 115 1131 1082 1413">
     <span class='ocr_line' id='line_1_8' title="bbox 150 1131 1082 1219; baseline 0 -25"><span class='ocrx_word' id='word_1_39' title='bbox 150 1131 350 1219; x_wconf 82' lang='lat' dir='ltr'>Consuetudo</span> <span class='ocrx_word' id='word_1_40' title='bbox 371 1135 448 1214; x_wconf 76' lang='lat' dir='ltr'>faeti</span> <span class='ocrx_word' id='word_1_41' title='bbox 462 1141 508 1198; x_wconf 90' lang='lat' dir='ltr'>est</span> <span class='ocrx_word' id='word_1_42' title='bbox 531 1135 600 1214; x_wconf 88' lang='lat' dir='ltr'>ipsa</span> <span class='ocrx_word' id='word_1_43' title='bbox 613 1135 790 1214; x_wconf 81' lang='lat' dir='ltr'>frequentia</span> <span class='ocrx_word' id='word_1_44' title='bbox 807 1132 1012 1196; x_wconf 83' lang='lat' dir='ltr'>uniformium</span> <span class='ocrx_word' id='word_1_45' title='bbox 1028 1151 1082 1194; x_wconf 91' lang='lat' dir='ltr'>ao·</span> 
     </span>
     <span class='ocr_line' id='line_1_9' title="bbox 115 1231 1082 1312; baseline -0.002 -22"><span class='ocrx_word' id='word_1_46' title='bbox 115 1235 200 1291; x_wconf 89' lang='lat' dir='ltr'>tunm</span> <span class='ocrx_word' id='word_1_47' title='bbox 212 1231 344 1310; x_wconf 86' lang='lat' dir='ltr'>alicujus</span> <span class='ocrx_word' id='word_1_48' title='bbox 358 1232 528 1294; x_wconf 80' lang='lat' dir='ltr'>societatis.</span> <span class='ocrx_word' id='word_1_49' title='bbox 539 1232 706 1294; x_wconf 83' lang='lat' dir='ltr'>Probanda</span> <span class='ocrx_word' id='word_1_50' title='bbox 720 1237 767 1294; x_wconf 91' lang='lat' dir='ltr'>est</span> <span class='ocrx_word' id='word_1_51' title='bbox 780 1231 819 1294; x_wconf 89' lang='lat' dir='ltr'>ab</span> <span class='ocrx_word' id='word_1_52' title='bbox 834 1233 998 1312; x_wconf 86' lang='lat' dir='ltr'>allegante,</span> <span class='ocrx_word' id='word_1_53' title='bbox 1007 1246 1082 1290; x_wconf 90' lang='lat' dir='ltr'>nam</span> 
     </span>
     <span class='ocr_line' id='line_1_10' title="bbox 115 1327 866 1413; baseline 0.007 -27"><span class='ocrx_word' id='word_1_54' title='bbox 115 1327 228 1388; x_wconf 86' lang='lat' dir='ltr'>laetum</span> <span class='ocrx_word' id='word_1_55' title='bbox 243 1345 307 1390; x_wconf 87' lang='lat' dir='ltr'>uon</span> <span class='ocrx_word' id='word_1_56' title='bbox 321 1329 535 1413; x_wconf 64' lang='lat' dir='ltr'>praesumitur,</span> <span class='ocrx_word' id='word_1_57' title='bbox 549 1331 605 1390; x_wconf 90' lang='lat' dir='ltr'>sed</span> <span class='ocrx_word' id='word_1_58' title='bbox 619 1329 747 1409; x_wconf 90' lang='lat' dir='ltr'>probari</span> <span class='ocrx_word' id='word_1_59' title='bbox 762 1330 866 1392; x_wconf 88' lang='lat' dir='ltr'>dehet.</span> 
     </span>
    </p>

    <p class='ocr_par' dir='ltr' id='par_1_6' title="bbox 114 1423 1083 1708">
     <span class='ocr_line' id='line_1_11' title="bbox 150 1423 1081 1508; baseline -0.003 -20"><span class='ocrx_word' id='word_1_60' title='bbox 150 1427 351 1488; x_wconf 82' lang='lat' dir='ltr'>Consuetudo</span> <span class='ocrx_word' id='word_1_61' title='bbox 368 1425 448 1508; x_wconf 74' lang='lat' dir='ltr'>juras</span> <span class='ocrx_word' id='word_1_62' title='bbox 465 1431 513 1488; x_wconf 90' lang='lat' dir='ltr'>est</span> <span class='ocrx_word' id='word_1_63' title='bbox 522 1427 573 1506; x_wconf 91' lang='lat' dir='ltr'>jus</span> <span class='ocrx_word' id='word_1_64' title='bbox 596 1428 762 1489; x_wconf 86' lang='lat' dir='ltr'>inductum</span> <span class='ocrx_word' id='word_1_65' title='bbox 783 1425 922 1506; x_wconf 87' lang='lat' dir='ltr'>apopuli</span> <span class='ocrx_word' id='word_1_66' title='bbox 940 1423 1081 1486; x_wconf 89' lang='lat' dir='ltr'>moribus</span> 
     </span>
     <span class='ocr_line' id='line_1_12' title="bbox 115 1523 1083 1604; baseline -0.003 -20"><span class='ocrx_word' id='word_1_67' title='bbox 115 1539 181 1584; x_wconf 88' lang='lat' dir='ltr'>euru</span> <span class='ocrx_word' id='word_1_68' title='bbox 203 1523 392 1604; x_wconf 83' lang='lat' dir='ltr'>legislatoris</span> <span class='ocrx_word' id='word_1_69' title='bbox 410 1541 578 1600; x_wconf 84' lang='lat' dir='ltr'>consensu,</span> <span class='ocrx_word' id='word_1_70' title='bbox 599 1541 654 1586; x_wconf 92' lang='lat' dir='ltr'>seu</span> <span class='ocrx_word' id='word_1_71' title='bbox 671 1525 722 1586; x_wconf 87' lang='lat' dir='ltr'>lex</span> <span class='ocrx_word' id='word_1_72' title='bbox 735 1525 865 1586; x_wconf 84' lang='lat' dir='ltr'>inducta</span> <span class='ocrx_word' id='word_1_73' title='bbox 879 1540 936 1602; x_wconf 89' lang='lat' dir='ltr'>per</span> <span class='ocrx_word' id='word_1_74' title='bbox 949 1539 1083 1584; x_wconf 85' lang='lat' dir='ltr'>eonsue-</span> 
     </span>
     <span class='ocr_line' id='line_1_13' title="bbox 114 1620 759 1708; baseline 0.003 -29"><span class='ocrx_word' id='word_1_75' title='bbox 114 1620 270 1708; x_wconf 75' lang='lat' dir='ltr'>tudineru.</span> <span class='ocrx_word' id='word_1_76' title='bbox 755 1683 759 1693; x_wconf 77' lang='grc'>,</span> 
     </span>
    </p>

    <p class='ocr_par' dir='ltr' id='par_1_7' title="bbox 111 1717 1078 1895">
     <span class='ocr_line' id='line_1_14' title="bbox 148 1717 1078 1794; baseline 0 -14"><span class='ocrx_word' id='word_1_77' title='bbox 148 1718 188 1780; x_wconf 93' lang='lat' dir='ltr'>Il.</span> <span class='ocrx_word' id='word_1_78' title='bbox 210 1718 345 1780; x_wconf 85' lang='lat' dir='ltr'>Ratione</span> <span class='ocrx_word' id='word_1_79' title='bbox 360 1718 561 1794; x_wconf 68' lang='lat' dir='ltr'>extensionis·</span> <span class='ocrx_word' id='word_1_80' title='bbox 579 1719 773 1782; x_wconf 83' lang='lat' dir='ltr'>consuetudo</span> <span class='ocrx_word' id='word_1_81' title='bbox 788 1723 834 1782; x_wconf 91' lang='lat' dir='ltr'>est</span> <span class='ocrx_word' id='word_1_82' title='bbox 847 1717 1019 1780; x_wconf 75' lang='lat' dir='ltr'>aniversalis</span> <span class='ocrx_word' id='word_1_83' title='bbox 1030 1719 1078 1780; x_wconf 88' lang='lat' dir='ltr'>vel</span> 
     </span>
     <span class='ocr_line' id='line_1_15' title="bbox 111 1817 312 1895; baseline 0.035 -21"><span class='ocrx_word' id='word_1_84' title='bbox 111 1817 312 1895; x_wconf 79' lang='lat' dir='ltr'>particularis.</span> 
     </span>
    </p>

    <p class='ocr_par' dir='ltr' id='par_1_8' title="bbox 112 1915 1091 2104">
     <span class='ocr_line' id='line_1_16' title="bbox 149 1915 1091 1996; baseline 0 -20"><span class='ocrx_word' id='word_1_85' title='bbox 149 1916 352 1978; x_wconf 86' lang='lat' dir='ltr'>Consuetudo</span> <span class='ocrx_word' id='word_1_86' title='bbox 366 1915 547 1976; x_wconf 88' lang='lat' dir='ltr'>universalis</span> <span class='ocrx_word' id='word_1_87' title='bbox 557 1915 640 1996; x_wconf 85' lang='lat' dir='ltr'>viget</span> <span class='ocrx_word' id='word_1_88' title='bbox 649 1915 682 1976; x_wconf 94' lang='lat' dir='ltr'>in</span> <span class='ocrx_word' id='word_1_89' title='bbox 692 1917 926 1992; x_wconf 80' lang='lat' dir='ltr'>totanolesia3</span> <span class='ocrx_word' id='word_1_90' title='bbox 951 1924 1091 1977; x_wconf 53' lang='lat' dir='ltr'>consuet</span> 
     </span>
     <span class='ocr_line' id='line_1_17' title="bbox 112 2012 1019 2104; baseline 0.01 -33"><span class='ocrx_word' id='word_1_91' title='bbox 112 2012 184 2072; x_wconf 89' lang='lat' dir='ltr'>tudo</span> <span class='ocrx_word' id='word_1_92' title='bbox 195 2013 408 2104; x_wconf 80' lang='lat' dir='ltr'>particularis,</span> <span class='ocrx_word' id='word_1_93' title='bbox 425 2013 458 2073; x_wconf 92' lang='lat' dir='ltr'>in</span> <span class='ocrx_word' id='word_1_94' title='bbox 471 2013 633 2100; x_wconf 85' lang='lat' dir='ltr'>provincia</span> <span class='ocrx_word' id='word_1_95' title='bbox 645 2019 698 2076; x_wconf 89' lang='lat' dir='ltr'>aut</span> <span class='ocrx_word' id='word_1_96' title='bbox 712 2015 853 2078; x_wconf 71' lang='lat' dir='ltr'>dioecesi.</span> <span class='ocrx_word' id='word_1_97' title='bbox 1017 2073 1019 2080; x_wconf 93' lang='lat'><em>.</em></span> 
     </span>
    </p>

    <p class='ocr_par' dir='ltr' id='par_1_9' title="bbox 110 2111 1081 2460">
     <span class='ocr_line' id='line_1_18' title="bbox 146 2111 1081 2191; baseline 0.001 -20"><span class='ocrx_word' id='word_1_98' title='bbox 146 2111 196 2172; x_wconf 93' lang='lat' dir='ltr'>llI.</span> <span class='ocrx_word' id='word_1_99' title='bbox 215 2111 348 2172; x_wconf 83' lang='lat' dir='ltr'>Ratione</span> <span class='ocrx_word' id='word_1_100' title='bbox 370 2111 531 2172; x_wconf 86' lang='lat' dir='ltr'>relationis</span> <span class='ocrx_word' id='word_1_101' title='bbox 545 2113 583 2172; x_wconf 91' lang='lat' dir='ltr'>ad</span> <span class='ocrx_word' id='word_1_102' title='bbox 599 2113 683 2190; x_wconf 88' lang='lat' dir='ltr'>leges</span> <span class='ocrx_word' id='word_1_103' title='bbox 699 2113 841 2191; x_wconf 85' lang='lat' dir='ltr'>scriptas,</span> <span class='ocrx_word' id='word_1_104' title='bbox 862 2113 984 2174; x_wconf 88' lang='lat' dir='ltr'>aliaest</span> <span class='ocrx_word' id='word_1_105' title='bbox 1005 2128 1081 2174; x_wconf 85' lang='lat' dir='ltr'>con·</span> 
     </span>
     <span class='ocr_line' id='line_1_19' title="bbox 112 2208 1081 2290; baseline 0.001 -22"><span class='ocrx_word' id='word_1_106' title='bbox 112 2210 245 2270; x_wconf 91' lang='lat' dir='ltr'>suetudo</span> <span class='ocrx_word' id='word_1_107' title='bbox 258 2208 414 2270; x_wconf 80' lang='lat' dir='ltr'>seeundum</span> <span class='ocrx_word' id='word_1_108' title='bbox 437 2209 536 2290; x_wconf 71' lang='lat' dir='ltr'>legem,</span> <span class='ocrx_word' id='word_1_109' title='bbox 564 2209 624 2270; x_wconf 89' lang='lat' dir='ltr'>alia</span> <span class='ocrx_word' id='word_1_110' title='bbox 644 2218 755 2290; x_wconf 79' lang='lat' dir='ltr'>preter</span> <span class='ocrx_word' id='word_1_111' title='bbox 780 2210 878 2290; x_wconf 72' lang='lat' dir='ltr'>legem,</span> <span class='ocrx_word' id='word_1_112' title='bbox 906 2211 966 2272; x_wconf 89' lang='lat' dir='ltr'>alia</span> <span class='ocrx_word' id='word_1_113' title='bbox 980 2217 1081 2270; x_wconf 79' lang='lat' dir='ltr'>eontra</span> 
     </span>
     <span class='ocr_line' id='line_1_20' title="bbox 110 2305 1081 2386; baseline 0.002 -21"><span class='ocrx_word' id='word_1_114' title='bbox 110 2305 207 2386; x_wconf 71' lang='lat' dir='ltr'>legem.</span> <span class='ocrx_word' id='word_1_115' title='bbox 234 2308 298 2368; x_wconf 84' lang='lat' dir='ltr'>Has</span> <span class='ocrx_word' id='word_1_116' title='bbox 325 2307 529 2369; x_wconf 86' lang='lat' dir='ltr'>distinetione</span> <span class='ocrx_word' id='word_1_117' title='bbox 548 2307 750 2370; x_wconf 81' lang='lat' dir='ltr'>innotescunt</span> <span class='ocrx_word' id='word_1_118' title='bbox 769 2310 897 2371; x_wconf 82' lang='lat' dir='ltr'>effeetus</span> <span class='ocrx_word' id='word_1_119' title='bbox 912 2314 1081 2370; x_wconf 90' lang='lat' dir='ltr'>consuetu-</span> 
     </span>
     <span class='ocr_line' id='line_1_21' title="bbox 110 2399 199 2460; baseline 0.011 -1"><span class='ocrx_word' id='word_1_120' title='bbox 110 2399 199 2460; x_wconf 89' lang='lat' dir='ltr'>dinis.</span> 
     </span>
    </p>

    <p class='ocr_par' dir='ltr' id='par_1_10' title="bbox 107 2497 1080 2776">
     <span class='ocr_line' id='line_1_22' title="bbox 145 2497 1080 2580; baseline -0.002 -20"><span class='ocrx_word' id='word_1_121' title='bbox 145 2497 350 2560; x_wconf 88' lang='lat' dir='ltr'>Consuetudo</span> <span class='ocrx_word' id='word_1_122' title='bbox 369 2497 526 2578; x_wconf 20' lang='lat' dir='ltr'>&#39;seeundum</span> <span class='ocrx_word' id='word_1_123' title='bbox 545 2497 634 2579; x_wconf 70' lang='lat' dir='ltr'>legent</span> <span class='ocrx_word' id='word_1_124' title='bbox 656 2505 703 2561; x_wconf 89' lang='lat' dir='ltr'>est</span> <span class='ocrx_word' id='word_1_125' title='bbox 716 2500 770 2561; x_wconf 89' lang='lat' dir='ltr'>illa</span> <span class='ocrx_word' id='word_1_126' title='bbox 784 2518 855 2580; x_wconf 79' lang='lat' dir='ltr'>quae</span> <span class='ocrx_word' id='word_1_127' title='bbox 868 2501 971 2580; x_wconf 86' lang='lat' dir='ltr'>legem</span> <span class='ocrx_word' id='word_1_128' title='bbox 988 2505 1080 2562; x_wconf 89' lang='lat' dir='ltr'>antea</span> 
     </span>
     <span class='ocr_line' id='line_1_23' title="bbox 107 2591 1079 2678; baseline 0 -21"><span class='ocrx_word' id='word_1_129' title='bbox 107 2591 270 2657; x_wconf 79' lang='lat' dir='ltr'>conditam</span> <span class='ocrx_word' id='word_1_130' title='bbox 296 2595 446 2657; x_wconf 92' lang='lat' dir='ltr'>diuturno</span> <span class='ocrx_word' id='word_1_131' title='bbox 471 2615 529 2658; x_wconf 90' lang='lat' dir='ltr'>usu</span> <span class='ocrx_word' id='word_1_132' title='bbox 548 2599 653 2660; x_wconf 86' lang='lat' dir='ltr'>firmat</span> <span class='ocrx_word' id='word_1_133' title='bbox 674 2603 705 2660; x_wconf 89' lang='lat' dir='ltr'>et</span> <span class='ocrx_word' id='word_1_134' title='bbox 732 2599 965 2678; x_wconf 87' lang='lat' dir='ltr'>interpretatur.</span> <span class='ocrx_word' id='word_1_135' title='bbox 988 2599 1079 2660; x_wconf 89' lang='lat' dir='ltr'>Unde</span> 
     </span>
     <span class='ocr_line' id='line_1_24' title="bbox 107 2691 898 2776; baseline 0.005 -24"><span class='ocrx_word' id='word_1_136' title='bbox 107 2693 226 2755; x_wconf 86' lang='lat' dir='ltr'>dieitur</span> <span class='ocrx_word' id='word_1_137' title='bbox 242 2713 249 2752; x_wconf 92' lang='lat'>:</span> <span class='ocrx_word' id='word_1_138' title='bbox 267 2691 383 2772; x_wconf 78' lang='lat' dir='ltr'>Optima</span> <span class='ocrx_word' id='word_1_139' title='bbox 397 2702 439 2754; x_wconf 87' lang='lat' dir='ltr'>est</span> <span class='ocrx_word' id='word_1_140' title='bbox 452 2693 546 2774; x_wconf 71' lang='lat' dir='ltr'>legum</span> <span class='ocrx_word' id='word_1_141' title='bbox 562 2695 704 2776; x_wconf 78' lang='lat' dir='ltr'>interpres</span> <span class='ocrx_word' id='word_1_142' title='bbox 716 2695 898 2756; x_wconf 82' lang='lat' dir='ltr'>consuetudo.</span> 
     </span>
    </p>

    <p class='ocr_par' dir='ltr' id='par_1_11' title="bbox 106 2791 1080 3068">
     <span class='ocr_line' id='line_1_25' title="bbox 141 2791 1079 2872; baseline 0 -18"><span class='ocrx_word' id='word_1_143' title='bbox 141 2791 348 2854; x_wconf 87' lang='lat' dir='ltr'>Consuetudo</span> <span class='ocrx_word' id='word_1_144' title='bbox 357 2801 471 2872; x_wconf 79' lang='lat' dir='ltr'>preter</span> <span class='ocrx_word' id='word_1_145' title='bbox 486 2791 575 2872; x_wconf 69' lang='lat' dir='ltr'>legem</span> <span class='ocrx_word' id='word_1_146' title='bbox 596 2793 719 2856; x_wconf 89' lang='lat' dir='ltr'>induoit</span> <span class='ocrx_word' id='word_1_147' title='bbox 735 2793 787 2872; x_wconf 87' lang='lat' dir='ltr'>jus</span> <span class='ocrx_word' id='word_1_148' title='bbox 804 2799 896 2854; x_wconf 88' lang='lat' dir='ltr'>antea</span> <span class='ocrx_word' id='word_1_149' title='bbox 909 2811 973 2854; x_wconf 91' lang='lat' dir='ltr'>non</span> <span class='ocrx_word' id='word_1_150' title='bbox 1000 2793 1079 2856; x_wconf 85' lang='lat' dir='ltr'>exis-</span> 
     </span>
     <span class='ocr_line' id='line_1_26' title="bbox 107 2889 1080 2976; baseline 0.002 -27"><span class='ocrx_word' id='word_1_151' title='bbox 107 2892 261 2976; x_wconf 28' lang='lat' dir='ltr'>tensgneo</span> <span class='ocrx_word' id='word_1_152' title='bbox 275 2889 375 2967; x_wconf 90' lang='lat' dir='ltr'>priori</span> <span class='ocrx_word' id='word_1_153' title='bbox 397 2891 591 2952; x_wconf 87' lang='lat' dir='ltr'>contrarium</span> <span class='ocrx_word' id='word_1_154' title='bbox 602 2911 609 2952; x_wconf 78' lang='grc' dir='ltr'><strong><em>ε</em></strong></span> <span class='ocrx_word' id='word_1_155' title='bbox 619 2911 678 2972; x_wconf 78' lang='lat' dir='ltr'>pro</span> <span class='ocrx_word' id='word_1_156' title='bbox 704 2890 765 2972; x_wconf 76' lang='lat' dir='ltr'>lege</span> <span class='ocrx_word' id='word_1_157' title='bbox 780 2891 949 2972; x_wconf 80' lang='lat' dir='ltr'>suscipitur,</span> <span class='ocrx_word' id='word_1_158' title='bbox 963 2889 1016 2950; x_wconf 80' lang='lat' dir='ltr'>obi</span> <span class='ocrx_word' id='word_1_159' title='bbox 1030 2890 1080 2951; x_wconf 84' lang='lat' dir='ltr'>de-</span> 
     </span>
     <span class='ocr_line' id='line_1_27' title="bbox 106 2985 244 3068; baseline 0.022 -20"><span class='ocrx_word' id='word_1_160' title='bbox 106 2985 168 3068; x_wconf 76' lang='lat' dir='ltr'>ficit</span> <span class='ocrx_word' id='word_1_161' title='bbox 182 2987 244 3051; x_wconf 78' lang='lat' dir='ltr'>len.</span> 
     </span>
    </p>

    <p class='ocr_par' dir='ltr' id='par_1_12' title="bbox 106 3084 1081 3268">
     <span class='ocr_line' id='line_1_28' title="bbox 143 3084 1080 3168; baseline 0 -20"><span class='ocrx_word' id='word_1_162' title='bbox 143 3085 349 3148; x_wconf 89' lang='lat' dir='ltr'>Consuetudo</span> <span class='ocrx_word' id='word_1_163' title='bbox 373 3094 473 3146; x_wconf 82' lang='lat' dir='ltr'>eontra</span> <span class='ocrx_word' id='word_1_164' title='bbox 501 3084 590 3168; x_wconf 75' lang='lat' dir='ltr'>legem</span> <span class='ocrx_word' id='word_1_165' title='bbox 616 3085 792 3150; x_wconf 85' lang='lat' dir='ltr'>introducit</span> <span class='ocrx_word' id='word_1_166' title='bbox 813 3087 864 3166; x_wconf 84' lang='lat' dir='ltr'>jus</span> <span class='ocrx_word' id='word_1_167' title='bbox 886 3084 1080 3148; x_wconf 87' lang='lat' dir='ltr'>eontrarium</span> 
     </span>
     <span class='ocr_line' id='line_1_29' title="bbox 106 3179 1081 3268; baseline 0.003 -24"><span class='ocrx_word' id='word_1_168' title='bbox 106 3183 165 3262; x_wconf 91' lang='lat' dir='ltr'>legi</span> <span class='ocrx_word' id='word_1_169' title='bbox 199 3183 427 3264; x_wconf 85' lang='lat' dir='ltr'>praeexistenti,</span> <span class='ocrx_word' id='word_1_170' title='bbox 458 3185 506 3246; x_wconf 86' lang='lat' dir='ltr'>vel</span> <span class='ocrx_word' id='word_1_171' title='bbox 535 3202 605 3248; x_wconf 80' lang='lat' dir='ltr'>earu</span> <span class='ocrx_word' id='word_1_172' title='bbox 630 3179 823 3264; x_wconf 89' lang='lat' dir='ltr'>abrogando,</span> <span class='ocrx_word' id='word_1_173' title='bbox 855 3185 903 3246; x_wconf 90' lang='lat' dir='ltr'>vel</span> <span class='ocrx_word' id='word_1_174' title='bbox 930 3185 958 3268; x_wconf 81' lang='lat' dir='ltr'>ei</span> <span class='ocrx_word' id='word_1_175' title='bbox 989 3180 1081 3248; x_wconf 82' lang='lat' dir='ltr'>dero·</span> 
     </span>
    </p>

    <p class='ocr_par' dir='ltr' id='par_1_13' title="bbox 83 3281 219 3360">
     <span class='ocr_line' id='line_1_30' title="bbox 83 3281 219 3360; baseline 0.015 -18"><span class='ocrx_word' id='word_1_176' title='bbox 83 3281 219 3360; x_wconf 76' lang='lat' dir='ltr'>,gando</span> 
     </span>
    </p>
   </div>
   <div class='ocr_carea' id='block_1_5' title="bbox 87 3462 1081 3612">
    <p class='ocr_par' dir='ltr' id='par_1_14' title="bbox 87 3462 1081 3612">
     <span class='ocr_line' id='line_1_31' title="bbox 87 3462 1081 3533; baseline 0.002 -17"><span class='ocrx_word' id='word_1_177' title='bbox 87 3466 218 3532; x_wconf 56' lang='lat' dir='ltr'>,grueben</span> <span class='ocrx_word' id='word_1_178' title='bbox 236 3466 282 3516; x_wconf 73' lang='lat' dir='ltr'>lus</span> <span class='ocrx_word' id='word_1_179' title='bbox 302 3463 504 3526; x_wconf 80' lang='lat' dir='ltr'>eeclesiasticam,</span> <span class='ocrx_word' id='word_1_180' title='bbox 521 3462 564 3517; x_wconf 88' lang='lat' dir='ltr'>lib.</span> <span class='ocrx_word' id='word_1_181' title='bbox 577 3465 598 3530; x_wconf 87' lang='lat' dir='ltr'>l,</span> <span class='ocrx_word' id='word_1_182' title='bbox 610 3465 652 3518; x_wconf 88' lang='lat' dir='ltr'>tit.</span> <span class='ocrx_word' id='word_1_183' title='bbox 678 3468 704 3518; x_wconf 81' lang='lat' dir='ltr'>l.</span> <span class='ocrx_word' id='word_1_184' title='bbox 724 3495 753 3504; x_wconf 84' lang='lat'><em>-</em></span> <span class='ocrx_word' id='word_1_185' title='bbox 765 3465 1081 3533; x_wconf 17' lang='lat' dir='ltr'>Zalliuger‚&amp;institutiones</span> 
     </span>
     <span class='ocr_line' id='line_1_32' title="bbox 102 3545 541 3612; baseline 0.002 -14"><span class='ocrx_word' id='word_1_186' title='bbox 102 3546 356 3612; x_wconf 79' lang='lat' dir='ltr'>7&#39;urtseeelestustier&#39;,</span> <span class='ocrx_word' id='word_1_187' title='bbox 368 3547 410 3599; x_wconf 88' lang='lat' dir='ltr'>lib.</span> <span class='ocrx_word' id='word_1_188' title='bbox 426 3545 447 3610; x_wconf 83' lang='grc' dir='ltr'>Ι,</span> <span class='ocrx_word' id='word_1_189' title='bbox 457 3547 499 3596; x_wconf 88' lang='lat' dir='ltr'>tlt.</span> <span class='ocrx_word' id='word_1_190' title='bbox 517 3547 541 3599; x_wconf 81' lang='lat' dir='ltr'>l.</span> 
     </span>
    </p>
   </div>
   <div class='ocr_carea' id='block_1_6' title="bbox 0 0 1298 4272">
    <p class='ocr_par' dir='ltr' id='par_1_15' title="bbox 0 0 1298 4272">
     <span class='ocr_line' id='line_1_33' title="bbox 0 0 1298 4272; baseline 0 0"><span class='ocrx_word' id='word_1_191' title='bbox 0 0 1298 4272; x_wconf 95' lang='lat' dir='ltr'> </span> 
     </span>
    </p>
   </div>
  </div>
 </body>
</html>
