2604 4270
440 280 666 326 PRAENOTIONES.
1004 281 1035 328 17

119 401 149 459 ll.
163 401 323 471 Praeterea,
337 397 565 459 discriminatio
580 398 752 460 absolvitur
762 415 800 460 ex
812 415 850 460 eo
861 400 947 477 quod
962 417 1039 462 neu·

91 503 127 557 tra
138 496 287 574 theologia
309 511 417 556 omnes
438 496 518 575 juris
543 497 688 558 canonici
702 501 807 575 partes
822 497 1037 576 amplectitur.

91 594 169 672 Hujus
182 593 225 654 rei
240 593 319 654 ratio
333 593 447 671 triplex
461 599 523 654 est:
544 594 659 672 primo,
684 612 819 656 canones
841 601 913 656 sunt
934 596 1040 657 deter-

91 691 255 752 minationes
271 689 344 766 loci,
364 691 517 769 temporis
534 697 566 752 et
579 692 667 752 modi
689 710 753 771 quo
763 693 817 771 ¹jus
831 693 974 754 divinum
986 711 1038 756 so·

89 789 174 850 rietati
186 788 414 854 observandum
426 789 654 867 prescribitur.
671 790 829 866 Secundo,
848 791 899 868 jus
910 791 1038 852 canoni·

90 903 145 946 cum
162 886 267 946 divinis
280 885 355 946 fidei
370 889 401 946 et
415 903 541 947 morum
555 887 739 948 veritatibus
751 887 841 949 addit
854 888 940 966 leges
952 904 1038 949 mere

91 984 295 1062 disciplinares‚
322 983 438 1062 quihus
463 984 609 1046 homines
631 986 664 1044 in
690 985 796 1046 officio
821 985 1036 1047 continentur.
1073 1005 1079 1021 .

89 1082 186 1156 lertio,
195 1083 232 1142 ad
245 1082 367 1142 bonum
378 1081 538 1160 spirituale
552 1085 817 1162 promovendum,
831 1083 973 1144 Ecclesia
989 1083 1039 1161 Jus
1104 1138 1112 1158 ,

90 1179 207 1241 divinum
230 1179 373 1240 imitatur
396 1179 541 1257 plurimis
562 1181 814 1243 institutionibus
836 1180 1037 1258 disciplinam

89 1279 287 1354 spectantibus
386 1357 389 1363 ἱ

255 1474 301 1525 lv.
319 1501 349 1513 -ν
361 1475 460 1524 Utilitas
467 1482 492 1525 et
502 1476 636 1526 necessitas
646 1477 708 1538 juris
717 1477 842 1528 canonici.

118 1633 286 1696 Prestentia
307 1635 387 1713 Juris
409 1635 553 1696 canonici
575 1637 803 1714 consideranda
825 1639 873 1698 est
895 1638 1042 1714 respectu

89 1731 212 1792 Ecclesiae
235 1733 268 1793 in
294 1749 422 1815 genere,
444 1737 476 1796 et
493 1733 527 1794 in
544 1735 649 1814 specie
672 1738 816 1814 respectu
840 1733 996 1795 laicorum
1011 1738 1042 1794 et

89 1829 260 1894 clericorum.

116 1927 134 1986 l.
148 1928 227 2000 Quod
240 1930 357 1992 attinet
371 1931 410 1992 ad
429 1929 616 2006 Ecclesiam,
632 1929 692 2009 ipsi
704 1929 918 1992 necessarium
932 1933 980 1990 est
991 1929 1043 2008 jus
1081 1917 1082 1921 ’

88 2027 263 2088 canonicum.
291 2029 349 2088 lus
374 2027 460 2090 enim
484 2027 734 2090 ecclesiasticum
749 2025 905 2106 objective
919 2031 1044 2104 specta·

90 2125 195 2184 tumest
208 2126 397 2204 complexus
418 2127 522 2204 legum
546 2125 660 2206 quibus
674 2125 816 2186 Ecclesia
839 2123 1043 2207 constituitur

88 2223 109 2278 et
129 2221 275 2300 dirigitur.
306 2223 401 2302 Atqui
419 2224 505 2284 nulla
524 2223 657 2284 societas
673 2241 739 2284 esse
755 2227 809 2283 aut
820 2223 924 2301 vigere
938 2216 1044 2306 potest
1070 2233 1079 2247 ·

87 2315 138 2380 sine
154 2323 379 2384 constitutione
394 2339 456 2401 qua
467 2323 498 2384 in
511 2339 611 2384 unum
624 2339 743 2401 corpus
754 2321 832 2384 socii
848 2323 1041 2396 coalescunt,

87 2418 120 2475 rel
132 2418 192 2479 sine
203 2419 329 2500 legibus
343 2408 458 2500 quibus
467 2422 506 2482 ad
519 2423 615 2482 finem
627 2421 861 2482 conducuntur.
881 2420 981 2498 Igitur
992 2437 1043 2480 so-

88 2511 172 2578 cietati
185 2517 368 2579 christianae
381 2518 556 2579 necessaria
568 2524 615 2580 est
630 2517 795 2580 existentia
806 2519 886 2598 juris
898 2517 1044 2580 canonici
1141 2559 1144 2566 .

88 2626 129 2671 seu
143 2615 326 2694 complexio
344 2616 450 2694 legum
465 2615 761 2680 ecclesiasticarum.
827 2693 829 2698 Ι

114 2709 260 2786 lamvero,
279 2731 319 2774 err
336 2713 448 2774 eadem
461 2714 580 2776 ratione
594 2713 905 2776 inferturscientiam
917 2712 1045 2774 canoni·

86 2819 138 2865 cam
151 2811 279 2888 requiri.
301 2813 443 2889 Namque
457 2827 594 2888 canones
603 2816 677 2872 sunt
691 2810 803 2890 agendi
814 2812 930 2890 regulae
946 2810 1048 2873 chris·
1081 2841 1083 2847 v

87 2901 158 2964 lianis
181 2906 350 2970 intellectu
368 2913 400 2970 et
422 2909 582 2972 voluntate
606 2908 748 2986 praeditis
771 2909 944 2987 propositae
960 2913 992 2970 et
1006 2907 1046 2968 ab

54 2997 55 3016 ³
87 3000 186 3064 eisdem
196 3007 229 3066 in
245 3023 341 3068 usum
351 3009 576 3086 perducenda.
589 3009 705 3069 Verum
716 3008 878 3084 quomodo
893 3007 925 3066 in
940 3011 1047 3068 ectum

87 3100 198 3172 perduci
227 3105 352 3182 poterit
378 3089 486 3185 regule
515 3105 688 3182 ignorata?
724 3104 863 3166 Proinde
897 3119 970 3166 cum
996 3103 1047 3181 jus

89 3199 327 3263 ecclesiasticum
352 3203 393 3264 sit
425 3219 537 3264 norma
565 3202 605 3262 ad
639 3217 735 3280 quam
759 3199 910 3260 Ecclesiae
934 3215 1048 3280 corpus
1100 3261 1105 3276 ,

88 3291 252 3377 singulaque
275 3299 343 3378 ejus
362 3298 504 3363 membra
522 3298 676 3378 exigenda
693 3301 775 3372 sunt,
793 3303 884 3375 urget
897 3297 1051 3360 inelucta-

88 3386 141 3452 bilis
154 3395 309 3476 obligatio
322 3397 533 3476 cognosoendi
547 3397 610 3457 sive
621 3397 705 3474 leges
719 3395 969 3458 fundamentales
982 3396 1050 3476 qui·

89 3481 130 3548 hus
144 3493 288 3555 Christus
306 3495 482 3556 Ecclesiam
495 3493 670 3568 constituit,
689 3492 751 3554 sive
764 3493 848 3570 leges
866 3492 1048 3574 disciplina·

87 3597 121 3643 res
141 3589 177 3650 ab
206 3592 354 3653 Ecclesia
378 3597 506 3653 statutas
530 3597 565 3652 ut
588 3579 735 3653 societa's·
752 3589 921 3657 christiana
948 3591 1046 3654 linem
