2626 4258
522 215 594 259 runs
616 214 780 260 succisus.
1079 199 1134 262 brt

162 349 239 412 pum
266 331 464 411 adjuvarent,
493 335 525 392 et
556 332 631 393 sede
659 315 790 393 vaca'nte
818 330 964 407 regimini
992 331 1139 394 dioecesis

161 432 374 512 providerent.
399 429 534 492 Etenim
549 447 587 493 ex
606 430 738 493 historia
766 435 889 492 constat
911 430 1085 509 capitulum
1100 430 1139 492 ab

161 531 255 591 initio
267 531 362 590 tuisse
377 529 545 591 consilium
561 529 728 608 Episcopi;
743 528 886 590 habitum
902 528 961 589 luit
975 528 1015 589 ab
1030 529 1140 589 Eccle-

161 629 208 690 sia
224 634 376 707 tanquam
395 633 520 688 senatus
539 627 701 701 dioecesis3
716 644 843 705 semper
866 627 1002 704 explevit
1025 644 1140 688 munus

161 728 330 808 adjuvandi
345 727 550 805 Episcopum,
567 743 702 804 eumque
718 726 897 804 supplendi.

204 825 269 886 Nisi
282 825 420 904 capitula
434 824 466 884 in
477 824 562 885 bunc
572 825 769 902 praecipuum
782 825 877 884 finem
887 824 1138 898 instituerentur,

162 923 335 985 dicendum
358 927 440 984 esset
461 921 516 982 illa
536 921 632 983 luisse
651 922 805 996 instituta,
820 922 868 982 vel
887 926 921 982 ut
940 921 1035 982 vitam
1051 939 1141 984 com-

160 1039 292 1086 munem
306 1022 469 1094 ducerent,
488 1022 537 1081 vel
553 1023 588 1082 ut
604 1020 745 1082 officium
768 1020 910 1080 divinum
929 1021 1139 1082 celebrarent.

162 1119 260 1198 Atqui
284 1119 428 1199 rejicitur
451 1119 540 1197 prior
564 1117 760 1198 hypothesis.
790 1117 872 1180 Olim
893 1117 977 1178 enirn
1000 1117 1141 1178 exstabat

161 1217 311 1296 Episcopi
326 1218 495 1279 consilium
511 1216 705 1297 presbyteris
721 1220 752 1276 et
765 1215 909 1276 diaconis
927 1215 1079 1276 Ecclesiae
1092 1233 1142 1276 ca-

161 1315 314 1376 thedralis
334 1322 492 1390 constans,
514 1314 590 1376 licet
610 1314 663 1376 isti
686 1313 828 1375 nondum
855 1313 888 1372 in
914 1314 1023 1373 eadem
1044 1315 1141 1374 domo
1245 1366 1247 1378 s

162 1413 426 1482 communitatem
436 1414 648 1476 efformarent.
661 1413 734 1475 Vita
745 1411 1020 1485 communis,cum
1031 1417 1142 1490 postca

162 1511 258 1572 luerit
270 1511 454 1573 introducta
471 1517 503 1576 et
513 1515 645 1584 remota,
663 1511 808 1588 prolecto
824 1513 871 1571 est
885 1507 1004 1586 aliquid
1021 1509 1142 1588 capitu·

161 1609 202 1671 lis
213 1609 417 1671 accidentale.

203 1709 309 1769 Altera
331 1707 516 1788 hypothesis
536 1708 575 1767 de
599 1705 813 1768 celebratione
829 1705 927 1765 divini
943 1705 1040 1768 officii
1060 1706 1140 1767 nihil

163 1805 287 1884 probat.
313 1806 469 1884 Equidem
484 1805 622 1884 capitula
641 1805 703 1865 hoc
726 1821 858 1872 munere
880 1820 1006 1882 semper
1033 1804 1142 1866 functa

165 1907 246 1964 sunt.
265 1903 447 1982 Antiquitus
461 1921 535 1964 vero
551 1903 676 1964 statutis
704 1901 817 1963 diebus
830 1919 904 1962 cum
922 1904 1042 1980 populo
1060 1903 1141 1965 sicut

163 1997 260 2062 hodie
274 2000 308 2061 lit
323 2000 354 2060 in
378 2000 549 2078 parochiis,
572 2001 736 2064 matutina
757 2006 880 2061 tantum
901 2006 932 2062 et
955 2001 1140 2080 vespertinae

163 2097 220 2160 Dei
233 2098 341 2159 laudes
351 2098 391 2158 ab
405 2098 449 2159 eis
463 2098 681 2173 solvebantur;
703 2099 805 2160 solum
821 2101 854 2162 in
876 2101 993 2164 saeculo
1007 2117 1038 2162 rx
1053 2100 1141 2161 inra-

163 2195 222 2258 luit
238 2211 317 2269 moS,
334 2212 353 2255 a
370 2195 522 2258 coenobiis
539 2202 709 2268 mutuatus,
724 2203 760 2258 ut
774 2201 945 2279 collegium
960 2199 1139 2261 cathedrale

163 2298 326 2354 teneretur
340 2294 482 2372 quotidie
498 2295 623 2379 statutis
637 2295 723 2356 horis
746 2295 845 2360 choro
860 2300 981 2372 adesse,
1005 2302 1141 2375 septem·

163 2407 224 2469 que
240 2391 337 2452 officii
353 2397 457 2470 partes
478 2393 511 2453 in
531 2392 674 2454 Ecclesia
688 2395 877 2470 persolvere.
902 2397 976 2457 Haec
990 2394 1140 2473 obligatio

163 2489 303 2568 propria,
323 2507 393 2568 quac
409 2489 554 2568 capitulis
564 2490 689 2569 jamdiu
701 2490 909 2554 existentibus
921 2493 1064 2566 accessit,
1081 2491 1140 2554 luit

164 2601 275 2646 corum
295 2587 366 2648 linis
383 2588 598 2650 secundarius.

205 2684 1040 2766 Capitulaautemcollegiatacultuidivinopraasertim
1053 2689 1141 2750 addi-

163 2786 289 2856 cuntur,
306 2800 409 2862 neque
421 2802 477 2845 sua
488 2784 687 2846 institutione
701 2784 899 2848 destinantur
913 2787 952 2848 ad
965 2787 1140 2864 juvandum

100 2897 103 2900 ·
162 2879 357 2958 Episcopum
384 2881 416 2942 in
432 2883 586 2960 regimine
602 2883 757 2946 dioecesis.

202 2977 241 3038 ll.
258 2980 327 3040 Non
338 2980 470 3060 antiquo
486 2987 622 3056 tantum,
636 2983 692 3042 sed
711 2982 807 3043 etiam
819 3001 901 3044 novo
911 2983 982 3061 jure
995 2985 1140 3045 canonici

162 3081 237 3137 sunt
250 3077 410 3139 consiliarii
420 3079 486 3139 noti
507 3080 749 3159 Episcoporum.

202 3173 299 3234 Proh.
317 3177 345 3235 l.
361 3177 540 3238 Concilium
561 3177 783 3241 Tridentinum
805 3179 934 3240 mandat
952 3179 992 3242 ab
1010 3181 1142 3260 Episco-

160 3271 212 3349 pis
236 3271 355 3350 requiri
372 3274 542 3336 consilium
562 3274 705 3354 capituli,
732 3283 763 3338 et
780 3283 871 3339 vocat
892 3278 1065 3360 capitulum
1081 3281 1141 3340 Ec-

162 3368 269 3430 clesiae
283 3375 426 3432 senatum
439 3372 491 3452 (l).
801 3365 812 3408 ¹
856 3375 859 3382 '

201 3471 234 3528 E.
250 3467 323 3528 Pius
336 3470 391 3533 vu
406 3469 469 3531 ait:
487 3491 501 3528 c
514 3472 592 3533 Cum
604 3472 837 3552 Episcoporum
854 3475 1000 3556 consilio,
1013 3489 1140 3555 suaequc

194 3580 233 3644 (l)
248 3579 314 3634 Sess.
325 3582 356 3645 V,
367 3595 421 3645 cap.
432 3596 457 3644 ις
467 3583 555 3648 xxlll,
571 3599 625 3648 cap.
640 3597 720 3648 xvrn;
733 3587 820 3651 lxlv,
831 3603 887 3652 cap.
903 3603 937 3640 ιιι
947 3597 972 3640 et
983 3603 1026 3643 xv.
