2630 4250
472 285 546 328 PARS
567 283 738 330 smolensi
1035 283 1087 330 alt

106 407 289 486 Episcopus
312 408 413 466 totam
439 401 603 462 dioecesim
623 401 716 480 regit,
730 401 916 481 episcopalis
937 402 1090 464 cathedra

110 503 330 574 constituitur,
347 503 387 562 ad
400 515 534 578 eamque
547 503 670 560 certum
680 499 875 561 territorium
890 501 1083 579 adjungitur,

111 601 243 678 suisque
256 599 372 661 finibus
395 595 678 660 circumscribitur.
692 599 751 658 Per
765 597 846 658 bane
864 615 938 660 vcro
960 597 1086 660 territo-

110 697 152 758 rii
172 697 340 758 dioecesani
355 695 618 774 designationem,
638 699 734 774 atque
757 695 1085 773 circumscriptionem

110 796 343 858 determinatur
362 794 512 872 Episcopi
529 792 721 872 jurisdictio,
739 811 811 872 quae
837 812 910 854 non·
923 799 1086 856 exercetur

106 895 337 968 universaliter,
355 893 411 954 sed
428 892 574 970 alligatur
588 892 628 952 ad
651 895 768 952 certam
785 891 936 954 Ecclesiae
953 896 1084 971 partem,

107 1009 228 1070 nempe
240 993 278 1052 ad
295 991 490 1064 cathedram,
505 994 536 1051 et
549 988 632 1049 intra
644 989 719 1049 fines
735 988 880 1050 dioecesis
895 989 1088 1050 continetur.
1169 977 1172 984 ’

109 1091 202 1152 Hanc
216 1091 357 1168 regulam
374 1087 413 1148 ab
436 1086 511 1166 ipsis
524 1087 686 1164 Apostolis
699 1087 986 1165 accepitEcclesia3
1004 1088 1088 1164 Apo·

108 1187 186 1249 stoli
202 1187 334 1249 enimin
352 1185 524 1246 fundandis
537 1183 687 1245 Ecclesiis
711 1185 900 1262 potestatem
915 1185 1091 1263 Episcopo-

108 1305 185 1348 rum
200 1287 293 1349 certis
315 1287 459 1347 locorum
473 1284 627 1346 limitibus
645 1283 852 1357 coercebant;
868 1303 896 1343 v.
913 1303 942 1363 g.
961 1286 993 1346 S.
1010 1286 1088 1344 Pau·

105 1385 158 1478 lus
176 1382 376 1444 Timotheum
391 1380 518 1460 Ephesi,
544 1379 651 1440 'litum
665 1379 776 1440 insulae
798 1381 898 1441 Gretae
921 1379 1087 1441 constituit

106 1474 315 1560 Episcopum.
328 1483 374 1540 lta
386 1479 505 1558 jugiter
519 1466 698 1539 factumest
712 1478 769 1558 (l).

146 1593 182 1652 2⁰
215 1592 272 1652 lus
298 1588 440 1668 erigendi
467 1587 675 1667 Episcopatus
697 1594 744 1650 est
764 1587 997 1664 ecelesiasticam,
1024 1604 1090 1648 non

106 1705 182 1750 vero
198 1687 303 1748 civile.
323 1687 446 1747 -Hoc
470 1690 593 1745 constat
617 1675 654 1746 ex
676 1689 788 1746 natura
812 1685 910 1764 ipsius
937 1685 994 1760 rei,
1019 1702 1090 1763 quae

106 1790 177 1846 tcta
195 1783 369 1862 spiritualis
396 1788 453 1857 est,
479 1783 618 1862 ideoque
634 1783 785 1861 potestati
814 1784 910 1844 solius
937 1783 1088 1845 Ecclesiae

107 1881 246 1942 obnoxia
257 1901 265 1955 ;
278 1881 382 1958 agitur
395 1881 480 1940 enim
496 1882 535 1941 de
550 1880 706 1958 spirituali
727 1881 881 1960 regimine
897 1881 1086 1956 animarum,

108 1979 148 2040 de
179 1979 325 2058 portione
349 1978 452 2058 gregis
478 1977 610 2058 singulis
628 1977 792 2058 Episcopis
818 1980 1017 2056 assignanda,
1049 1979 1108 2041 de·

106 2075 226 2137 finibus
253 2076 407 2155 spirituali
425 2067 612 2137 eorumdem
628 2077 777 2154 potestati
797 2077 1028 2138 constituendis
1053 2079 1089 2136 ut

106 2175 194 2237 inter
207 2174 417 2236 Ecclesiarum
430 2179 571 2236 rectores
588 2179 656 2234 tum
670 2175 760 2249 ordo,
777 2180 846 2235 tum
857 2175 961 2236 unitas
988 2189 1090 2234 serve·

106 2279 174 2334 tur.
200 2272 235 2332 Id
262 2273 468 2334 confirmatur
496 2272 559 2332 sive
589 2288 627 2331 ex
654 2271 737 2332 iacto
766 2273 1003 2349 Apostolorum,
1021 2270 1085 2332 sive

106 2367 303 2429 Pontificum
327 2373 358 2430 et
379 2367 592 2430 conciliorum
607 2365 742 2445 legibus,
759 2366 1034 2446 sivecxperpetua
1056 2369 1088 2427 et

104 2465 407 2543 generaliEcclesiae
420 2465 600 2544 disciplina.

146 2581 248 2661 Igitur
260 2581 548 2660 inEpisocpatuum
563 2580 735 2656 erectione,
751 2579 935 2656 Principum
945 2577 1087 2638 christia-

106 2697 226 2742 norum
239 2681 321 2742 ratio
346 2698 411 2741 non
431 2680 576 2756 habetur,
592 2679 654 2740 nisi
668 2683 800 2758 propter
825 2675 975 2738 Ecclesiae
999 2674 1090 2736 utili·

107 2781 223 2840 tatem.

147 2895 181 2952 3⁰
209 2894 283 2954 Haeo
307 2896 446 2970 potestas
474 2893 514 2954 ad
546 2893 713 2955 Summum
737 2889 925 2952 Pontificem
949 2887 1088 2968 pertinet

105 2990 174 3068 jore
190 2989 411 3052 Petraeites-
429 2990 520 3052 ltatio
535 2995 593 3064 est,
610 2991 684 3068 quia
707 2990 849 3051 Christus
863 2988 1000 3049 instituit
1011 2985 1088 3064 Epi·

10 3099 11 3104 ’
107 3092 274 3166 scopatum
290 3089 322 3148 in
337 3105 463 3166 genere,
480 3105 546 3148 non
563 3093 670 3149 autem
683 3088 891 3166 Episcopatus
916 3085 948 3144 in
969 3083 1086 3162 specie.

111 3185 288 3264 hssignatio
315 3187 439 3246 sedium
472 3186 700 3264 episcopalium
728 3184 858 3262 respicit
888 3181 1088 3260 disciplinam

113 3283 378 3358 ecclesiasticam;
397 3283 484 3361 atqui
497 3285 534 3344 R.
551 3283 696 3342 Pontifex
721 3281 816 3342 hebet
838 3281 965 3360 plenam
980 3269 1089 3358 potes-

142 3480 172 3534 tt)
185 3477 212 3526 S.
227 3477 366 3540 Cyprianus
380 3465 500 3538 pr'aeclare
514 3477 612 3538 scripsit
626 3477 675 3538 (lib.
686 3475 717 3524 dr
735 3476 832 3524 Unilote
843 3475 970 3537 Ecclesiae)
985 3495 992 3524 r
1005 3493 1017 3520 α
1029 3475 1087 3524 sin-

112 3555 172 3613 gulis
188 3557 331 3606 Pectoribus
345 3558 425 3618 portio
435 3559 515 3619 gregis
529 3558 577 3607 luit
596 3557 729 3620 adscripta,
744 3569 820 3618 quom
831 3565 902 3618 regat
914 3557 1083 3618 unusquisqne

113 3639 136 3680 et
148 3635 276 3694 gubernet.
290 3655 302 3682 a
