2604 4270
486 273 711 320 rumuorlortES.
1069 276 1084 322 ti

109 391 273 468 impressa,
288 406 346 466 per
357 390 465 450 lumen
481 389 612 450 rationis
627 389 763 468 cognita,
780 394 812 451 et
828 391 868 450 ad
887 391 1083 469 operandum

111 486 334 549 convenienter
346 487 495 566 dirigens.
537 530 541 538 -

148 587 164 646 J
167 602 202 644 us
215 585 358 646 naturale
375 584 579 663 distinguitur
597 585 630 644 in
637 585 801 665 privatum,
821 584 1017 659 domesticum,
1026 603 1085 666 pu-

110 682 212 742 blicum
226 685 259 744 et
272 681 414 762 pontium.
440 682 527 742 Illius
540 681 644 761 prima
669 699 752 760 pars,
769 667 824 744 seu
840 684 891 761 jus
916 683 1083 760 privatum,

111 779 274 844 hominem
299 779 332 840 in
359 785 441 840 statu
467 779 605 840 naturali
632 779 773 858 positum
792 780 981 854 considerat,
998 780 1087 840 nullo

114 877 258 938 allectum
274 876 448 938 adventitio
461 881 554 938 statu.

149 975 203 1036 Jus
213 974 425 1035 domesticum
437 991 472 1034 ea
482 973 612 1053 exponit
622 975 737 1052 quaead
750 974 902 1036 lamiliam
912 975 1085 1054 pertinent,

112 1087 224 1150 nempe
240 1071 399 1132 societatis
424 1072 611 1151 conjugalis,
627 1073 797 1151 parentalis
816 1090 852 1134 ao
873 1074 982 1135 herilis
997 1076 1084 1150 fines,

109 1171 179 1248 jura
194 1173 226 1230 et
234 1169 453 1248 obligationes.
469 1171 524 1232 Jus
533 1169 697 1248 publicum
709 1171 884 1232 universale
897 1177 1087 1254 estsystemo
1157 1167 1159 1173 ’

112 1269 226 1346 legum,
237 1267 365 1346 quibus,
377 1274 490 1330 natura
499 1269 592 1342 duce,
604 1269 946 1332 definiturconstitutio
956 1270 1088 1332 societa-

112 1365 150 1426 tis
164 1365 362 1442 perfectae,v.
374 1365 609 1444 gr.,societatis
619 1365 836 1445 ponticulus
846 1367 987 1445 gentium
997 1373 1090 1428 natu·

112 1463 175 1524 rale
190 1468 239 1524 est
253 1463 433 1541 complexio
443 1463 564 1542 jurium
575 1467 607 1524 et
619 1462 851 1543 obligationum
863 1481 933 1541 quae
944 1464 1028 1526 inter
1041 1465 1090 1525 di-

112 1578 212 1621 versas
225 1565 336 1638 gentes
349 1559 387 1620 ah
398 1561 467 1640 ipsa
480 1567 593 1622 natura
606 1565 722 1622 statuta
737 1566 819 1622 sunt.

150 1659 205 1720 Jus
233 1659 405 1736 positivum
429 1657 657 1736 complectitur
682 1659 767 1738 leges
792 1657 892 1720 libera
918 1659 1088 1734 voluntate,

114 1758 176 1818 sive
193 1757 262 1832 Dei,
289 1758 352 1820 sive
367 1757 547 1832 hominum,
563 1757 718 1820 conditas.
737 1755 913 1819 Discrimen
926 1757 1091 1836 utriusque

110 1855 189 1933 juris
203 1855 356 1916 naturalis
372 1863 405 1916 et
422 1854 548 1935 positivi
563 1872 621 1934 per
637 1871 669 1914 se
686 1859 791 1932 patet;
812 1855 864 1934 jus
887 1855 1030 1918 naturale
1044 1859 1092 1928 est

112 1952 322 2029 immutabile,
336 1970 411 2014 cum
421 1971 460 2014 ex
471 1968 578 2014 rerum
598 1953 732 2014 essentia
756 1953 931 2030 proveniat.
946 1954 1092 2032 Jusvero

113 2052 284 2130 positivum
306 2051 422 2114 mutari
437 2055 553 2130 potest,
572 2068 645 2112 nam
668 2051 768 2112 libera
780 2051 968 2128 legislatoris
982 2051 1092 2112 volun·

113 2154 178 2210 tate
194 2149 304 2224 fertur,
323 2150 376 2228 qui
392 2151 477 2228 leges
488 2166 565 2210 suas
577 2147 670 2208 variis
685 2149 844 2228 adjunctis
857 2148 1090 2210 accommodat.

152 2249 189 2308 ll.
207 2248 264 2308 Jus
278 2248 450 2329 positivum
474 2246 687 2308 subdividitur
705 2246 737 2304 in
750 2244 880 2338 viterbum
898 2247 982 2325 quod
996 2263 1013 2306 a
1027 2247 1093 2307 Deo

113 2347 161 2406 vel
179 2345 305 2408 Christo
319 2345 485 2410 conditum
498 2349 556 2418 est,
573 2343 781 2412 ettomonom,
797 2345 883 2421 quod
895 2345 1039 2422 proxime
1053 2344 1093 2405 ab

114 2443 253 2505 humana
276 2443 465 2504 auctoritate
486 2442 642 2504 statuitur.
661 2445 850 2520 Utrumque,
870 2442 997 2504 comsit
1013 2443 1094 2529 acci·-

117 2541 245 2602 dentale
263 2545 294 2602 et
306 2540 446 2618 potuerit
467 2558 530 2602 non
546 2540 707 2614 constitui,
725 2540 855 2600 rationis
873 2540 995 2600 lumine
1009 2540 1093 2600 haud

113 2638 297 2712 innotescit,
316 2639 370 2699 sed
382 2638 452 2699 aliis
464 2638 580 2700 mediis
595 2638 791 2718 promulgari
808 2636 913 2698 debet.

154 2737 212 2798 Jus
226 2736 369 2796 divinum
382 2735 553 2815 positivum
567 2741 691 2798 constat
703 2735 826 2814 legibus
840 2735 978 2796 externis
997 2738 1095 2798 aDeo

114 2833 200 2907 latis,
228 2833 343 2913 quibus
369 2834 515 2895 homines
538 2833 577 2893 ad
602 2835 994 2911 finemsupernaturalem
1020 2833 1093 2894 diri·

112 2939 241 3010 guntur.
251 2933 377 3010 ‘Duplex
394 2932 546 3009 distingui
563 2933 654 3002 solet,
674 2949 791 3010 nempe
804 2933 900 2994 Vetus
913 2932 1097 2993 'testamen-

114 3033 184 3089 tum
206 3034 238 3092 et
252 3031 316 3090 Lex
329 3047 419 3104 nova,
438 3047 493 3092 seu
509 3031 693 3108 complexus
707 3030 813 3108 legum
832 3028 945 3108 quibus
955 3028 1095 3091 Christus

114 3126 294 3188 Ecclesiam
318 3133 469 3206 tanquam
502 3127 687 3190 societatem
714 3127 887 3204 perfectam
918 3127 1094 3204 constituit,

111 3224 263 3304 illiusque
277 3225 528 3287 fundamentalia
534 3225 605 3304 jura
623 3229 654 3284 et
668 3224 772 3284 officia
786 3223 1014 3287 determinavit.

155 3324 208 3383 lll.
233 3323 321 3384 turis
342 3323 473 3384 humani
502 3324 619 3402 duplex
641 3319 848 3399 distinguitur
878 3323 1021 3401 species:
1043 3323 1099 3404 jus

113 3419 389 3482 ecclessiastacom'et
405 3421 460 3501 jus
483 3419 575 3482 civite.
591 3420 647 3481 Jus
670 3417 934 3494 ecclesiasticum,
955 3421 1097 3500 quamvis

112 3517 268 3594 primaria
284 3519 352 3598 ejus
363 3519 521 3597 principia
541 3536 559 3578 a
574 3516 698 3579 Christo
713 3516 833 3578 sancita
849 3519 977 3590 luerint,
992 3524 1097 3579 tamen

112 3614 292 3678 humanum
309 3621 356 3678 est
371 3617 404 3676 in
418 3633 456 3678 eo
467 3633 569 3691 sensu,
585 3615 670 3696 quod
683 3614 811 3692 plurimi
833 3633 970 3677 canones
985 3614 1025 3674 ab
1040 3615 1097 3676 Elo-

1276 186 1287 363 ,

1289 299 1295 340 t
