2630 4250
207 337 262 396 trt
366 343 522 392 exrosrrro
543 341 721 394 aaruomcl
742 345 825 394 sexis
847 349 1003 400 caxnmcr.

246 467 270 528 1.
282 464 439 526 Esereltda
448 465 717 547 spiritualia-S.
727 468 855 548 Carolus
865 467 898 528 in
910 469 1048 532 concilio
1058 471 1188 550 provin-

205 563 277 626 ciali
292 563 497 644 praescripsit,
511 571 547 625 ut
561 565 739 644 suscepturi
755 565 882 628 ordines
898 567 1019 646 puriori
1028 575 1134 632 mente
1152 575 1186 631 et

204 662 378 724 ardentiori
395 663 557 724 voluntate
576 663 614 722 ad
632 669 699 724 rem
719 663 797 725 tanti
812 664 966 726 momenti
981 667 1185 730 accederent.

203 761 382 821 Alexander
393 762 448 822 Vll
459 760 644 822 ordinandis
656 761 762 821 Romae
776 761 939 840 praecepit,
955 768 990 822 ut
1000 762 1188 842 hujusmodi

203 857 484 920 exercitationibus
510 856 622 919 decem
644 857 712 919 dies
727 857 965 936 impenderent.
989 859 1064 921 Haec
1085 861 1187 924 disci-

203 956 301 1033 plina,
325 955 365 1016 ah
386 955 573 1017 Innocentio
595 956 637 1016 XI
655 955 694 1016 ad
717 959 820 1016 totam
844 955 968 1018 ltaliam
989 962 1127 1032 extensa,
1152 953 1188 1018 in

202 1047 272 1109 aliis
287 1049 383 1110 etiam
399 1049 478 1110 loeis
490 1048 615 1110 invecta
629 1054 660 1110 et
672 1066 730 1108 usu
741 1049 865 1110 firmata
875 1055 934 1110 est.
950 1049 1186 1114 Exercitiorum

203 1145 327 1206 duratio
342 1144 381 1206 ab
401 1145 566 1225 Episcopis
582 1145 820 1207 determinatur.

242 1245 279 1305 ΙΙ.
296 1241 532 1304 Ordincndorum
542 1243 739 1304 scrutinia-
751 1245 850 1306 Vetus
863 1247 910 1305 est
921 1243 955 1304 in
965 1244 1108 1306 Ecclesia
1119 1246 1184 1319 lex,

202 1349 237 1402 ut
249 1357 345 1402 nemo
361 1340 536 1414 ordinetur,
560 1340 620 1400 nisi
640 1340 781 1419 primum
803 1341 843 1402 ah
858 1341 1016 1420 Episcopo
1030 1341 1186 1420 prohatus

201 1439 306 1502 hierii.
319 1439 407 1500 Hanc
420 1439 523 1518 legem
534 1438 733 1500 confirmavit
745 1439 890 1518 Synodns
901 1437 1096 1516 Tridentino,
1113 1458 1186 1519 quae

201 1537 334 1615 requirit
349 1537 465 1615 triplex
477 1537 665 1598 scrutinium
679 1535 874 1597 ordinationi
891 1538 1159 1616 praemittendum
1177 1559 1185 1600 ε

240 1634 378 1694 Primum
397 1635 584 1696 scrutinium
604 1653 621 1695 a
639 1632 778 1712 parocho
796 1631 988 1696 instituitur.
1007 1635 1055 1695 Ad
1076 1633 1188 1717 ,mino-

201 1747 250 1791 res
269 1731 396 1792 ordines
418 1729 638 1810 promovendi,
662 1728 783 1790 honum
802 1729 1022 1792 testimonium
1045 1731 1189 1793 habeant

200 1829 370 1908 aparocho
383 1833 415 1890 et
433 1847 451 1889 a
468 1829 620 1908 magistro
635 1827 754 1888 scholae
773 1827 806 1886 in
819 1845 881 1906 qua
895 1829 1081 1892 educantur.

241 1928 274 1988 Sl
289 1929 407 1989 inerint
427 1927 464 1987 ad
484 1926 619 2003 majores
641 1926 770 1986 ordines
792 1927 986 2001 assumendi,
1005 1927 1187 2006 Episcopus

161 2006 165 2016 ’
201 2025 341 2105 parocho
360 2023 544 2094 committit,
568 2027 603 2082 ut
626 2021 812 2082 nominihus
834 2039 870 2084 ae
893 2023 1051 2086 desiderio
1072 2041 1185 2086 eorum

200 2123 328 2202 publice
345 2123 377 2182 in
395 2121 537 2183 Ecclesia
552 2119 736 2199 propositis,
758 2121 798 2182 de
815 2121 958 2201 ipsorum
977 2122 1183 2202 qualitatihus

201 2227 233 2284 et
245 2221 388 2282 moribus
399 2219 569 2300 diligenter
587 2217 740 2296 inquirat;
761 2224 791 2280 et
804 2219 926 2280 litteras
938 2221 1180 2297 testimoniales,

199 2319 439 2398 inquisitionem
452 2320 568 2380 factam
588 2317 800 2394 continentes,
816 2319 856 2378 ad
873 2317 1068 2398 Episcopum
1084 2325 1185 2382 trans·
1214 2386 1217 2392 ,

200 2415 306 2478 mittat
322 2415 371 2497 (l).

240 2511 406 2575 Secundum
432 2512 622 2576 scrutinium
643 2511 798 2590 proximis
824 2511 937 2574 diebus
959 2517 1032 2574 ante
1054 2513 1183 2574 ordina-

199 2613 321 2674 tionem
339 2613 479 2676 instituit
497 2611 684 2690 Episcopus,
708 2610 838 2671 adscitis
861 2609 1081 2672 sacerdotihus
1101 2611 1181 2688 juris

200 2711 298 2771 divini
313 2716 345 2773 et
356 2709 486 2771 humani
501 2707 622 2790 peritis,
638 2713 669 2768 et
684 2701 851 2786 investigat
864 2707 1115 2790 ordinandorum
1128 2725 1184 2787 ge-

198 2827 269 2884 nus,
287 2825 465 2887 personam,
483 2813 621 2880 aetatem,
640 2805 781 2876 titulum,
806 2821 924 2880 mores,
948 2803 1128 2866 doctrinam
1150 2811 1182 2868 et

198 2907 295 2968 iidem
309 2906 361 2986 (2).
378 2888 530 2968 Doctrina
545 2902 710 2984 probanda
721 2908 769 2964 est
783 2921 841 2982 per
854 2903 976 2964 actuale
988 2919 1133 2965 examen.

242 3003 373 3066 Tertium
406 3002 613 3076 scrutinium,
643 3017 717 3079 erga
745 3018 799 3061 eos
828 3001 882 3080 qui
910 3001 943 3061 in
973 3001 1125 3062 diaconos
1150 3007 1183 3062 et

203 3102 404 3182 presbyteros
417 3101 612 3172 ordinantur,
630 3099 666 3160 lit
679 3098 713 3158 in
727 3104 801 3162 actu
813 3098 1034 3172 ordinationis,
1052 3098 1181 3176 quando

202 3199 443 3262 archidiaconus
456 3197 495 3260 ah
511 3197 670 3277 Episcopo
692 3195 917 3276 interrogatur,
933 3201 974 3256 ah
993 3194 1073 3257 sciat
1093 3193 1181 3274 ipsos

200 3313 269 3358 esse
285 3294 403 3377 dignos
412 3297 464 3378 (3).

180 3452 182 3460 ¹
229 3463 263 3527 (t)
278 3465 414 3516 Concilium
426 3463 506 3524 Trid,
524 3475 585 3514 sess.
597 3459 690 3524 xx111,
701 3473 755 3524 cup.
768 3474 793 3513 ν.

231 3545 267 3609 (tl
281 3546 329 3608 ld,
343 3559 401 3610 cap.
419 3557 464 3594 vu.

229 3628 263 3682 tat
275 3623 423 3687 Ponlr'fieale
434 3636 576 3680 romanum,
589 3620 621 3670 de
634 3619 721 3674 Orda'a.
742 3619 847 3672 diaconi
860 3617 1042 3686 etpresbyteri.
1053 3643 1085 3658 -·
1099 3619 1131 3668 X.
1146 3617 1184 3668 De

197 3705 318 3755 scrutinio
326 3706 352 3754 ia
361 3703 449 3752 ordine
457 3701 582 3767 sarciendo.
