2588 4272
408 292 481 336 PARS
503 291 683 340 ostentus.
977 295 1031 343 109

72 407 167 486 cerpti.
183 407 290 469 Tertia
303 424 374 486 pars
387 409 483 470 habet
495 411 621 472 decreta
631 412 823 494 Pontificum
837 431 855 476 a
874 414 1035 494 sylvestro
1067 483 1070 490 ¹

72 522 156 582 usque
173 505 214 566 ad
230 507 414 586 Gregorium
428 509 482 582 Μ.,
502 507 585 571 inter
597 526 667 588 quae
682 511 787 589 plures
801 512 968 574 suntlalsae
984 510 1049 570 de-·

74 604 201 664 cretales.

106 703 259 780 deceptus
280 707 327 763 est
342 702 402 764 iste
417 702 509 778 liber,
531 704 659 765 nemine
680 705 823 765 fraudem
844 705 1036 784 suspicante.

74 801 111 860 lta
123 799 251 860 invaluit
264 800 449 879 impostura,
462 808 496 864 ut
507 807 587 868 ante¹
596 801 749 864 saeculum
765 819 807 864 xv
829 805 916 866 nulla
928 807 1038 866 exorta

74 897 364 960 tueritreclamatio.
910 905 913 910 “

99 997 139 1070 ll.
163 996 288 1058 Primus
312 997 456 1060 omnium
480 998 650 1060 cardinalis
672 998 812 1060 Cusanus
838 997 1044 1078 tranquillam

18 1103 19 1128 ¹
76 1094 175 1156 Isidori
196 1095 429 1174 possessionem
442 1095 580 1157 turbavit
594 1095 714 1174 (1450);
738 1097 948 1176 quamobrem
968 1113 1043 1160 cen-

18 1263 19 1266 ,
78 1192 525 1270 turiatoresMagdeburgenses
541 1193 701 1254 immerito
715 1195 892 1272 gloriantur
901 1195 967 1274 ejus
981 1195 1046 1256 ool·

78 1289 210 1350 lectionis
225 1289 435 1367 imposturam
448 1309 479 1352 se
495 1291 612 1370 primos
626 1291 770 1354 omnium
784 1293 951 1356 detexisse.
964 1295 1045 1354 Tum

80 1405 94 1447 a
110 1388 270 1465 permultis
287 1389 450 1454 catholicis
472 1389 605 1466 aliisque
620 1389 696 1449 viris
712 1391 843 1452 eruditis
863 1389 1046 1468 diligentius
1113 1431 1117 1438 ·

79 1485 105 1544 in
118 1502 182 1546 eam
200 1485 424 1546 collectionem
441 1485 629 1563 inquisitum
642 1490 699 1558 est,
718 1492 748 1548 et
763 1486 902 1548 rationes
918 1487 957 1546 ad
973 1503 1048 1564 pro·

81 1581 205 1642 handam
228 1584 479 1661 suppositionem
502 1584 581 1644 adeo
601 1585 701 1644 firmae
716 1584 890 1662 propositae
910 1588 993 1657 sunt,
1014 1585 1050 1643 ut

82 1699 163 1742 nemo
172 1682 240 1761 Jam
258 1683 298 1742 de
311 1681 434 1742 fallacia
446 1681 591 1742 dubitare
609 1681 719 1760 possit.

115 1781 187 1841 lnde
203 1785 425 1859 protestantes,
442 1784 475 1840 et
492 1795 602 1840 omnes
615 1779 649 1838 in
665 1781 813 1842 Sanctam
829 1782 945 1842 Sedem
965 1781 1048 1842 male

84 1877 212 1951 animati,
225 1877 425 1956 arripuerunt
440 1865 641 1937 occasionem
657 1879 818 1938 asserendi
836 1879 928 1940 salsas
942 1879 1053 1940 decre-

84 1960 1053 2051 tales,couniventibusRomanisPontiflcibus‚exaratasfuisse

84 2073 117 2132 ad
128 2073 380 2152 amplificandam
394 2088 504 2132 eorum
519 2071 752 2148 auctoritatem,
777 2079 871 2152 atque
893 2091 950 2154 per
969 2073 1053 2152 ipsas

19 2247 20 2280 ,
86 2169 242 2234 inductam
254 2189 322 2234 esse
332 2187 447 2232 novam
459 2169 694 2230 etdeteriorem
707 2171 922 2250 disciplinam.

341 2339 395 2406 52.
413 2368 444 2379 -
462 2339 639 2393 collectionis
655 2339 733 2406 oripo
749 2343 792 2406 (1).

119 2441 144 2523 l.
166 2462 213 2537 Ad
235 2469 347 2542 tempas
363 2460 449 2539 quod
470 2459 592 2533 attinet,
616 2458 650 2518 ln
667 2459 773 2520 lucem
791 2458 913 2522 venisse
933 2459 1057 2522 videtur

89 2558 141 2620 iste
155 2561 256 2622 codex
268 2559 352 2620 inter
363 2575 482 2618 annum
498 2559 556 2618 829
569 2561 601 2618 et
618 2559 695 2629 8473
714 2572 788 2616 nam
803 2561 914 2619 auctor
925 2556 1058 2618 inseruit

90 2657 260 2718 adverbum
271 2658 376 2736 plures
387 2655 558 2718 sententias
569 2653 696 2716 concilii
707 2654 975 2716 Parisiensisanni
986 2657 1056 2730 829,

91 2761 118 2817 et
133 2755 328 2818 collectionis
343 2754 462 2816 mentio
476 2749 615 2832 primum
626 2750 762 2812 habetur
775 2769 858 2812 anno
877 2755 947 2814 846.

124 2855 163 2916 ll.
181 2853 282 2914 locatas
301 2853 439 2914 Romanis
464 2848 660 2932 Pontificibus
683 2849 962 2929 collectio'coasacto
985 2848 1057 2928 fult.

126 2952 249 3012 Etenim
275 2953 338 3012 Leo
364 2951 416 3020 IV,
441 2949 495 3027 qui
518 2965 601 3010 anno
624 2951 682 3010 847
706 2947 747 3008 ad
769 2947 854 3008 Petri
878 2946 1062 3008 cathedram

94 3055 212 3112 evectus
239 3053 296 3123 est,
323 3049 362 3108 ad
386 3047 560 3127 Episcopos
583 3045 755 3107 Britanniae
783 3045 971 3118 rescribens,
996 3060 1063 3104 non

22 3165 24 3184 ³
95 3149 164 3209 alias
178 3149 350 3209 decretales
366 3151 398 3208 et
410 3145 688 3224 canonesagnovit
700 3147 817 3222 praeter
835 3141 958 3220 eosqui
978 3141 1062 3219 apud

95 3247 271 3326 llionysium
295 3243 460 3318 extabant3
487 3243 571 3322 quod
598 3241 800 3302 manifestum
823 3238 980 3300 indicium
1003 3244 1061 3314 est,

97 3341 180 3404 lalsas
194 3343 367 3404 decretales
385 3343 495 3403 Romae
520 3339 660 3418 cognitas
675 3355 739 3398 non
759 3337 863 3412 fuisse,
888 3338 935 3398 vel
953 3339 1065 3400 saltem

98 3447 319 3520 nonreceptas.
345 3501 347 3504 .

130 3573 300 3635 (1)Zallinger‚
314 3570 455 3636 Amendae,
466 3583 523 3634 cap.
548 3583 575 3621 u.
589 3595 617 3607 -
632 3569 746 3631 Philllps,
758 3568 797 3618 Du
808 3567 877 3618 droit
886 3567 1073 3641 ecclesiasticae

102 3652 163 3702 dans
175 3667 327 3714 sessosrcm,
340 3653 412 3714 chop.
425 3667 445 3702 1.

212 3751 234 3795 1.
895 3739 947 3793 ‚¹⁷
