2626 4258
255 231 306 279 ΝΞ
420 233 576 280 ΕΧΡθΒΙΤῐΟ
597 230 775 278 nendomcn
796 233 879 278 scats
900 234 1051 282 GANONICI.

291 351 314 412 Ι.
331 349 471 432 Officium
485 351 610 414 videtur
625 367 692 412 esse
705 367 847 412 coaevum
861 352 1029 431 Apostolis.
1045 351 1197 414 cardinales

251 448 407 529 originem
425 451 547 512 ducunt
567 451 698 530 figurae
717 449 935 510 sacerdotibus
947 449 1062 511 levitici
1075 451 1194 530 genesim

251 549 399 626 exemplo
412 547 451 608 ab
466 547 626 627 Apostolis
637 547 691 626 qui
715 547 845 608 fuorunt
860 547 945 609 velut
965 553 1086 609 senalus
1103 548 1197 610 Christi

250 650 283 706 et
296 646 331 705 B.
349 645 445 707 Petri.
462 648 569 724 Ipsum
584 645 724 706 ollicium
739 646 805 704 aR.
823 645 1031 707 Pontificibus
1043 647 1198 708 institutum

250 748 314 819 est;
330 761 405 804 nam
419 745 450 806 S.
467 746 588 819 Petrus,
604 743 753 821 dispersis
768 743 938 820 Apostolis‚
957 743 1017 804 sihi
1030 744 1061 804 in
1075 743 1199 805 consilia·

248 841 312 904 rios
332 846 364 902 et
385 841 544 918 adjutores
559 841 747 918 elegitviros
768 841 951 918 prudentes,
975 841 1057 902 inter
1072 860 1143 920 quos
1159 841 1199 902 Li·
1260 829 1261 834 ¹

248 956 337 1013 num,
354 939 487 1013 cletum,
502 939 707 1000 Clementem.
726 938 847 999 Exinde
865 940 1008 1000 Romana
1025 941 1152 1002 Ecclesia
1164 955 1199 1000 sa·

248 1043 358 1100 natum
374 1055 467 1099 suum
485 1055 611 1116 semper
623 1037 746 1098 habuit.
917 1029 918 1032 '

288 1136 440 1214 Analogia
457 1135 563 1198 existit
575 1135 657 1196 inter
671 1134 792 1195 divinas
812 1137 844 1196 et
862 1133 1087 1196 ecclesiasticas
1098 1133 1201 1196 institu-

248 1233 366 1295 tiones.
394 1233 484 1294 Sicut
503 1233 644 1294 Christus
665 1231 885 1293 auctoritatem
907 1233 1002 1294 Petro
1021 1237 1051 1293 et
1065 1231 1199 1310 Apostolis

248 1329 397 1404 contulit,
419 1331 464 1392 ita
482 1331 589 1393 clerici
612 1330 680 1391 lieri
704 1333 836 1408 possunt
850 1329 1021 1406 participes
1031 1327 1201 1406 jurisdictio·

246 1428 309 1504 nis,
340 1434 494 1516 quatenus
517 1431 661 1490 Pastores
682 1427 833 1488 Ecclesiae
869 1425 908 1487 ah
933 1426 998 1486 illis
1027 1427 1198 1504 adjurantur.

163 1603 165 1606 Ι
246 1527 355 1605 ltaque
374 1526 543 1607 disciplina
558 1526 702 1586 imitatur
722 1525 773 1604 jus
796 1524 938 1586 divinum
952 1525 1139 1586 instituendo
1151 1523 1201 1584 col·

246 1624 329 1704 legia
345 1625 547 1700 clericorum,
564 1643 591 1686 v.
612 1643 640 1702 g.
658 1622 826 1702 collegium
845 1622 1060 1684 cardinalium
1077 1626 1105 1684 et
1124 1603 1198 1700 capi-

156 1715 160 1724 ’
246 1722 312 1784 tula
327 1723 531 1784 cathedralia.

286 1818 433 1904 II.·Oripo
451 1819 585 1882 nominis.
599 1853 640 1865 -
655 1819 870 1882 cardinalium
900 1837 1020 1880 nornen
1043 1815 1199 1896 antiquissi-

200 1965 201 1968 .
246 1932 336 1976 mum
359 1917 490 1994 reliquis
515 1917 659 1978 ecelesiis
682 1917 823 1995 primum
840 1921 906 1978 erat
924 1935 1102 1978 commune.
1118 1913 1199 1976 cardo

246 2012 365 2074 dicitur
389 2013 471 2074 illud
496 2013 581 2092 quod
604 2019 651 2074 est
674 2014 885 2093 praecipuum‚
909 2014 1036 2090 stabile,
1057 2033 1084 2076 v.
1102 2031 1129 2090 g.
1150 2009 1200 2071 anis

246 2110 329 2172 circa
343 2126 438 2188 quem
460 2111 554 2172 valvae
567 2111 747 2172 volvuntur.
771 2113 855 2172 Olim
870 2111 1015 2190 primarii
1029 2110 1130 2175 clerici
1143 2125 1199 2188 per-

245 2213 342 2287 petuo
353 2213 448 2270 certae
463 2207 606 2270 ecclesiae
625 2207 745 2270 addicti
761 2226 816 2270 seu
831 2209 1019 2288 incardinati,
1036 2216 1070 2272 ut
1091 2209 1117 2271 ei
1133 2223 1199 2268 sem·

245 2323 303 2385 per
315 2311 487 2393 praeessent
501 2311 555 2367 aut
581 2305 744 2377 servirent,
762 2308 936 2370 cardinales
956 2308 1197 2375 nominabantur;

244 2403 284 2464 iis
299 2403 519 2484 oppositi,-qui
548 2404 691 2465 ecclesiae
710 2404 806 2465 alicui
820 2409 972 2484 tanquam
997 2403 1151 2468 adventitii
1162 2401 1199 2463 rel
1260 2385 1261 2400 ¹

244 2501 411 2563 auxiliares
422 2503 461 2562 ad
476 2507 601 2581 tempus
616 2501 847 2564 ministrabant.

284 2602 401 2662 Omnes
428 2599 524 2678 igitur
548 2601 698 2662 Ecclesiae
725 2601 923 2662 cathedrales
949 2621 1024 2665 suos
1045 2602 1201 2666 hahuerunt
1260 2619 1261 2630 ²

246 2699 434 2774 cardinales
454 2703 522 2760 turn
540 2697 755 2778 Episcopum,
772 2699 969 2760 ordinarium
988 2698 1127 2762 dioecesis
1144 2711 1202 2774 pas·

247 2801 363 2868 torem,
390 2801 458 2856 tom
483 2795 685 2875 presbyteros
706 2801 737 2858 et
758 2797 908 2858 diaconos
931 2799 995 2878 qui,
1016 2796 1201 2861 conficientes

242 2893 475 2973 presbyterium
499 2895 547 2955 rel
563 2899 705 2956 senatum
724 2897 812 2975 cnjus
836 2897 977 2958 consiliis
993 2893 1157 2977 Episcopus
1175 2889 1203 2950 in

242 2991 518 3053 administratione
537 2992 696 3066 utebatur,
714 2995 864 3056 Ecclesiae
879 2995 1053 3058 cathedrali
1067 2990 1204 3056 stabiliter

243 3075 363 3152 addicti
376 3094 475 3166 erant,
492 3095 523 3152 et
537 3090 735 3170 praecipunm
748 3093 856 3156 locum
871 3093 1060 3158 ohtinehant
1069 3087 1206 3154 intercie-

242 3189 338 3251 ricos.
1260 3189 1261 3196 ’

282 3289 352 3348 Non
364 3287 439 3350 inde
461 3288 607 3364 efficitur,
625 3291 711 3368 quod
731 3293 946 3354 Romanorum
965 3297 1205 3367 caeterorumque
1260 3337 1261 3348 ,

242 3382 449 3446 cardinalium
465 3387 576 3448 eadem
598 3387 735 3465 dignitas
756 3389 865 3452 luerit.
894 3391 1020 3452 Etenim
1036 3391 1068 3450 in
1087 3385 1205 3466 singulis

243 3480 431 3542 dioecesihus
453 3483 630 3546 cardinales
655 3491 743 3549 erant
766 3487 909 3565 primarii
933 3488 1051 3564 clerici,
1074 3480 1206 3548 canonici
1260 3523 1261 3544 2

242 3577 433 3642 cathedralis
441 3579 586 3642 ecclesiae
597 3585 628 3642 et
640 3583 809 3646 consilium
818 3584 967 3665 Episcopi
981 3606 989 3664 ;
1002 3583 1132 3647 Romani
1141 3595 1205 3644 vero
