2630 4250
227 213 281 258 eoo
402 207 560 255 nxrosrrro
580 205 758 252 usruonma
779 205 862 250 sums
884 173 1039 248 canomer.

226 327 463 404 moderationis
478 325 532 404 qui
545 329 701 403 exaperta
709 323 870 400 voluntate
884 321 1011 382 Domini
1024 337 1099 382 cnm
1117 319 1202 400 regi-

226 427 312 488 mine
326 423 541 486 eeclesiastico
565 427 598 484 et
609 419 778 499 speciatim
796 435 870 480 cum
882 419 1023 496 primatu
1035 434 1199 479 connexus

226 530 282 586 est.
298 521 440 584 Christus
456 525 488 582 et
500 518 645 597 Apostoli
658 517 825 595 requirunt
835 517 869 576 in
880 515 1057 594 pastoribus
1070 515 1202 576 humili·

205 631 212 658 '
224 625 335 692 tatem,
348 617 532 698 patientiam
547 632 620 677 cum
631 614 831 687 tortitudine,
847 613 1012 675 caritatem
1023 630 1086 691 qua
1100 613 1200 674 vitam

224 716 424 794 impendunt,
451 731 516 777 non
536 713 735 776 dominantes
753 711 786 771 in
811 711 916 787 oleris,
934 712 988 772 sed
1004 712 1107 772 torma
1122 709 1200 771 tacti

223 813 326 892 gregis
342 830 379 874 ex
393 811 512 872 animo.
964 851 968 862 ·

263 913 291 972 ³.
308 912 449 972 Potestas
460 911 497 970 R.
510 907 673 968 Pontificis
693 906 847 969 dirimet
868 905 1060 968 immutabili
1078 904 1205 967 eonsti-

224 1007 347 1070 tutione
363 1006 513 1067 Ecclesia
527 1004 768 1083 constringitur.
991 995 996 1000 ’

264 1109 294 1167 4.
312 1105 461 1166 Summus
473 1102 629 1177 Pontifex,
643 1102 800 1182 interpres
814 1107 845 1164 et
856 1107 962 1164 custos
977 1101 1054 1178 legis
1067 1100 1197 1173 divinae,

223 1202 312 1263 illam
330 1202 468 1280 applicat
488 1199 647 1278 sapienter
666 1215 856 1277 promovens
879 1199 1132 1260 observationem
1153 1200 1201 1260 le·

223 1317 298 1378 gum
313 1298 611 1362 ecclesiasticarum.
633 1298 681 1358 Ad
697 1297 799 1372 illum,
816 1296 861 1358 ait
875 1295 905 1358 S.
920 1296 1105 1371 Romamne,
1126 1313 1202 1376 per-

222 1401 303 1461 tinet
322 1399 488 1477 plenitudo
509 1399 694 1477 potestatis3
723 1399 753 1458 ei
776 1398 923 1460 convenit
946 1397 1112 1476 plenitudo
1134 1396 1202 1475 jus-

223 1497 314 1559 titiee.

262 1595 301 1656 Il.
317 1593 488 1654 Moderator
504 1595 541 1654 R.
553 1594 716 1656 Pontificis
730 1598 778 1656 est
791 1594 927 1674 Spiritus
939 1593 1083 1668 Sanctus,
1095 1592 1128 1652 id
1140 1597 1201 1666 est,

221 1691 319 1754 virtus
330 1692 499 1754 continens
508 1690 682 1770 primatum
691 1691 775 1752 intra
785 1709 849 1753 snae
860 1688 1201 1770 potestatisterrninos‚

221 1805 286 1850 non
305 1794 351 1850 est
364 1790 514 1866 populus,
530 1790 634 1866 ne'que
655 1793 794 1866 potestas
817 1789 928 1864 civilis,
942 1805 1045 1867 neque
1060 1791 1202 1865 potestas

221 1885 435 1948 ecclesiastica
447 1885 588 1959 interior,
602 1887 657 1946 sed
667 1885 807 1948 Christus
820 1903 877 1966 per
889 1903 977 1948 suam
989 1883 1200 1946 assistentiam

220 1980 509 2059 etprovidentiam.

262 2081 290 2140 t.
306 2079 323 2140 J
327 2079 394 2156 ugis
408 2078 587 2143 assistentia
600 2082 737 2160 Spiritus
750 2082 857 2145 Sancti
871 2098 966 2160 qnam
981 2080 1121 2142 Christus
1137 2081 1202 2141 lde-
1311 2077 1312 2088 *

219 2176 324 2238 clesiae
339 2175 496 2254 promisit,
513 2177 647 2240 interius
670 2179 735 2262 affl't
749 2179 782 2239 in
800 2178 981 2252 Pontifices,
998 2178 1062 2238 sive
1077 2177 1203 2238 ratione

219 2290 376 2352 supremae
389 2275 555 2352 potestatis
566 2293 661 2356 super
674 2294 771 2357 qnam
784 2277 961 2338 edificatur
971 2275 1121 2354 Ecclesia,
1129 2275 1198 2336 sive

218 2370 340 2432 ratione
355 2371 534 2434 orationum
552 2373 667 2451 quibus
695 2373 837 2436 Ecclesia
859 2389 919 2452 pro
942 2363 1093 2434 Pontiflce
1119 2371 1204 2433 divi-

218 2469 607 2532 numauxiliuminvocat.
1201 2477 1205 2482 '

256 2568 288 2626 S.
308 2566 428 2628 Praeter
454 2567 668 2630 assistentiam
686 2569 843 2631 aGhristo
865 2567 1064 2648 promissam,
1086 2560 1203 2628 Provi-

219 2660 327 2722 dentia
341 2663 477 2724 exterius
492 2665 525 2724 in
539 2666 708 2728 Pontifices
727 2666 841 2727 intluit.
855 2667 936 2727 Usus
953 2664 1125 2744 pontideiae
1138 2681 1203 2743 pc·
1310 2645 1311 2663 Χ

217 2760 341 2821 testatis
359 2762 520 2840 regulatur
537 2778 575 2824 ex
593 2763 735 2825 consiliis
749 2762 962 2825 cardinalium
979 2767 1011 2822 et
1023 2761 1203 2840 Episcopo-

217 2873 300 2931 rum,
315 2874 353 2918 ex
365 2857 551 2937 indigentiis
563 2861 682 2937 saeculi,
701 2878 738 2922 ex
750 2860 857 2921 indole
872 2860 1047 2920 nationum.
1062 2861 1098 2918 R.
1113 2859 1202 2920 Pon-

216 2952 295 3014 titex
322 2962 488 3033 promovet
526 2957 647 3018 bonum
688 2963 841 3037 qnantum
882 2956 949 3016 fleri
981 2949 1085 3035 potes't
1104 2955 1199 3036 juxta

216 3050 488 3127 circumstantiam
507 3054 599 3114 malis
614 3055 739 3116 obsistit
749 3054 948 3134 impavidus3
963 3053 1116 3132 patientia
1130 3053 1200 3116 dil·

216 3147 371 3210 flcultates
383 3155 511 3230 superat
526 3171 534 3226 ;
552 3151 634 3214 siout
649 3154 731 3212 Dens
744 3152 868 3232 patiens
887 3154 934 3212 est
949 3151 1022 3229 quia
1037 3155 1195 3228 aeternus,

216 3247 520 3326 Pontilexexpeetat
547 3253 673 3330 tempus
698 3255 927 3328 opportunum,
958 3249 1033 3328 quia
1053 3249 1201 3312 Ecclesia

217 3347 264 3402 est
277 3352 440 3422 perpetua.

255 3441 331 3500 Inde
346 3442 531 3522 intelligitur
546 3462 602 3507 cur
615 3445 770 3525 sapientia
781 3445 922 3524 practica
933 3443 1128 3507 Pontificum
1155 3462 1196 3508 ex

215 3534 346 3598 historia
367 3539 544 3602 luculenter
564 3541 752 3618 innotescat,
780 3560 838 3623 per
862 3543 948 3603 illins
975 3543 1130 3604 intluxum
1160 3544 1197 3605 in
