2630 4250
485 145 559 189 PARS
580 145 742 190 schottus.

421 335 447 382 2.
463 333 651 383 oblectamenta
662 331 797 394 prohibita.

149 481 174 541 1.
190 479 377 562 Spectacula.
392 483 490 560 Leges
505 481 699 560 antiquiores
712 479 894 560 prohibent,
907 497 947 542 ne
960 481 1096 544 clericus

110 577 305 640 histrionem
320 583 408 658 agat;
431 579 527 640 hodie
553 579 687 640 clericus
704 577 887 656 hujusmodi
904 578 955 639 vix
975 581 1098 658 reperi-

27 717 28 720 =
109 680 171 737 tur.
199 675 262 737 Sed
286 681 432 737 vetantur
453 675 549 737 etiam
572 675 680 737 clerici
703 675 827 738 choreis
850 677 898 737 vel
920 675 1095 739 inhonestis

25 849 27 858 ‚
109 775 302 850 spectaculis
316 774 480 850 interesse,
506 794 521 831 «
541 789 584 844 ne
594 791 686 834 aures
706 778 738 835 et
759 773 843 834 oculi
865 773 962 835 sacris
981 775 1095 836 ciliciis

109 871 245 948 addicti,
271 871 402 933 ludicris
419 876 450 934 et
474 871 608 950 impuris
624 860 805 934 actionibus
828 871 1095 950 sermonibusque

109 967 256 1030 distracti
269 970 452 1048 polluantur
466 968 517 1049 (l).
532 991 547 1027 u

146 1068 188 1127 ll.
214 1064 315 1126 Ludus
337 1066 469 1127 ulcerum
492 1075 522 1127 et
538 1065 712 1128 taxillorum
734 1067 938 1128 interdicitur
956 1067 1012 1147 (Ξ),
1030 1086 1094 1144 quo

108 1163 240 1226 nomine
260 1164 575 1242 comprehenduntur
596 1183 708 1227 omnes
728 1166 774 1226 illi
796 1166 894 1240 lusus,
915 1164 970 1243 qui
985 1165 1093 1244 potius

106 1265 192 1321 sorte
213 1275 308 1340 quam
322 1267 388 1323 arte
403 1268 566 1340 reguntur.
582 1265 724 1325 canones
742 1257 913 1341 intringere
932 1279 998 1324 non
1019 1279 1094 1323 cen-

108 1364 197 1418 setur
211 1359 266 1421 ille
286 1360 437 1439 quirem,
460 1362 635 1435 moderate,
653 1361 695 1422 ob
714 1361 949 1422 recreationem
970 1364 1001 1420 et
1025 1360 1092 1422 siue

106 1457 258 1519 scandalo
271 1458 386 1520 chartis
403 1459 496 1533 ludit,
512 1459 574 1519 nisi
595 1460 646 1520 lex
661 1459 840 1521 dioecesana
854 1458 940 1519 aliud
957 1460 1087 1519 statuat.

143 1557 199 1618 ΙΙΙ.
226 1555 343 1617 Venutio
360 1556 484 1634 legibus
507 1573 601 1618 exosa
616 1562 664 1619 est
684 1557 740 1636 (3).
768 1557 945 1618 Concilium
965 1557 1093 1616 Latera-

107 1669 207 1715 nense
229 1655 270 1717 IV
292 1654 420 1715 statuit:
440 1655 681 1716 «venationem
700 1660 733 1716 et
756 1654 1003 1732 aucupationem
1025 1649 1095 1713 uni·

106 1753 205 1814 versis
226 1753 350 1815 clericis
373 1753 609 1828 interdicimus3
632 1753 716 1814 unde
737 1769 798 1815 nec
820 1768 914 1815 canes
935 1767 996 1814 nec
1020 1767 1092 1812 aves

105 1847 224 1912 hahere
246 1856 451 1931 praesumant.
468 1873 482 1909 u
503 1851 681 1913 Concilium
699 1851 921 1913 'tridentinum
940 1849 1090 1928 praecipit

106 1953 141 2009 ut
157 1949 266 2010 clerici
284 1969 299 2006 u
310 1948 348 2009 ab
363 1949 473 2010 illicitas
485 1949 705 2032 venationibus
717 1947 895 2011 abstineant
909 1947 961 2028 (l).
976 1971 990 2006 u

145 2047 270 2126 Duplex
291 2047 495 2127 distinguitur
516 2047 643 2110 venatio
659 2049 781 2110 :altera
800 2048 990 2120 clamorosa,
1016 2064 1089 2125 quae-

104 2147 139 2206 lit
150 2161 226 2206 cum
235 2161 347 2223 magno
361 2146 501 2207 tumultu
514 2151 545 2206 et
556 2146 689 2224 strepitu
704 2162 867 2208 armorum
878 2149 909 2206 et
921 2160 1036 2206 canum
1047 2162 1085 2204 ac

107 2243 299 2304 occidendas
323 2243 459 2322 maJ'ores
480 2243 582 2317 feras3
609 2244 707 2303 altera
730 2243 849 2321 quieta,
870 2260 942 2321 quae
969 2259 1087 2320 nempe

104 2345 270 2402 exercetur
294 2343 426 2420 laqueis,
453 2340 585 2415 retibus,
610 2343 780 2404 autetiam
802 2359 875 2403 cum
898 2343 1006 2417 armis,
1031 2343 1085 2402 sed

104 2437 213 2516 paucis
229 2439 379 2500 adhibitis
402 2437 545 2514 canibus,
567 2444 599 2501 ct
612 2437 681 2499 sine
702 2439 837 2518 strepitu
855 2440 895 2498 ad
915 2439 1086 2516 capiendas

103 2535 247 2598 volucres
271 2537 475 2616 minoresque
502 2536 624 2598 belluas
651 2553 717 2597 non
743 2537 880 2598 feroces.
911 2537 1085 2597 Multorum

103 2633 260 2695 sententia
282 2639 340 2709 est,
366 2636 576 2696 clamorosam
595 2640 720 2696 tantum
737 2634 938 2696 venationem
958 2633 1086 2694 clericis

102 2730 286 2808 prohiberi,
319 2733 461 2811 quamvis
486 2733 585 2813 magis
611 2736 825 2794 consentanea
846 2730 1020 2792 canonibus
1045 2729 1086 2792 sit
1172 2735 1177 2740 '

100 2829 211 2905 opinio
227 2829 357 2890 illorum
376 2829 431 2908 qui
445 2833 616 2909 utrumque
631 2847 729 2910 genus
740 2828 918 2891 venationis
929 2827 1080 2892 interdic·

102 2931 171 2986 tum
190 2932 312 3005 putant.

79 3094 82 3100 ,
143 3023 298 3086 Standum
319 3032 366 3088 est
380 3026 504 3088 statutis
519 3021 707 3089 dioecesanis
722 3043 804 3107 quae,
825 3043 884 3106 pro
901 3031 1083 3104 temporum

100 3126 135 3180 et
152 3122 298 3184 locorum
314 3123 572 3200 circumstantiis,
587 3125 789 3186 venationem
808 3123 950 3202 quietam
968 3125 1083 3186 mode·

132 3305 166 3368 (l)
182 3309 319 3358 Concilium
331 3310 465 3361 Mediolan.
481 3309 500 3359 Ι.
518 3332 547 3344 -
560 3306 599 3373 (t)
610 3307 685 3371 Greg.
704 3309 859 3370 Decreloles,
874 3309 916 3360 lib.
926 3309 967 3370 lll,
977 3309 1016 3358 tit.
1032 3323 1050 3359 1.

133 3389 165 3446 (3)
179 3387 252 3448 Greg.
276 3386 430 3447 Decretclee,
451 3386 495 3436 lib.
511 3387 541 3447 V,
566 3388 605 3438 tit.
625 3401 695 3448 xxiv,
718 3389 750 3438 dc
773 3389 870 3439 Cleriec
893 3391 1017 3440 metatore.

135 3467 168 3531 u)
179 3468 242 3518 Sese.
257 3468 346 3528 xxtv,
356 3466 389 3516 de
403 3467 527 3528 Reform„
543 3479 600 3529 cap.
614 3481 658 3519 xu.
764 3507 767 3517 .
