2604 4270
200 247 232 294 tt
355 245 510 293 uxrosrrro
533 245 710 290 unruonrca
732 245 815 291 rums
837 231 993 290 canonici.

201 366 403 427 efformatum
426 364 598 444 cujuslibet
623 363 776 441 temporis
799 365 961 442 exemplar
975 380 1012 424 ac
1036 366 1179 440 prototy-

201 480 279 542 pum
294 479 362 524 esse
382 463 562 541 opinantur,
588 465 684 538 atque
702 462 813 524 volunt
821 462 872 540 jus
886 461 1036 522 Ecclesiae
1051 477 1180 539 semper

201 565 232 621 et
245 559 362 637 ubique
373 560 412 620 ad
426 576 573 620 normam
586 558 678 620 istius
696 557 752 619 aevi
765 559 928 633 reducere,
945 576 973 619 v.
989 576 1034 636 gr.
1051 560 1179 618 Protes-

203 657 525 733 tantes,Jansenistae.

240 741 390 817 Methodo
417 754 638 833 philosophica
665 753 753 815 abusi
769 757 853 828 sunt,
873 752 1002 832 quinon
1016 770 1054 814 ex
1071 753 1180 832 genui-

200 852 249 912 nis
263 851 415 929 fontibus‚
425 853 479 913 sed
489 869 526 914 ex
536 852 666 931 proprio
681 851 808 930 ingenio
819 851 924 911 ideam
932 851 1081 911 Ecclesiae
1093 851 1182 912 arbi·

162 973 163 976 ¹
200 950 330 1012 trariam
358 949 417 1010 sihi
439 951 572 1028 fingunt,
599 954 632 1011 et
652 967 690 1010 ex
716 948 801 1010 falsis
824 947 990 1026 principiis
1012 949 1179 1010 deducunt

201 1049 315 1110 falsum
340 1049 416 1126 iuris
438 1047 581 1136 canonici
607 1053 752 1128 systema.
778 1050 857 1110 Gum
882 1049 1024 1110 Ecclesia
1049 1064 1181 1109 suarna

201 1145 325 1207 Christo
346 1140 608 1208 constitutionem
628 1145 799 1224 acceperit,
817 1144 894 1204 nihil
910 1145 1076 1206 absurdius
1091 1144 1180 1222 cogi·

200 1243 259 1302 tari
276 1248 381 1322 potest
401 1261 497 1322 quam
520 1245 546 1304 si
566 1243 729 1305 canonicae
742 1243 939 1304 tractationis
955 1243 1122 1305 exordium
1138 1241 1180 1302 ab

201 1338 389 1417 imaginaria
403 1341 555 1400 Ecclesiae
576 1341 648 1401 idea
670 1343 863 1402 desumatur.
879 1341 1015 1402 Proinde
1028 1341 1179 1402 humanae

200 1435 332 1496 rationis
346 1454 441 1514 opera
453 1437 486 1496 in
499 1455 535 1498 ea
551 1437 660 1498 sistere
676 1437 780 1512 debet,
796 1443 831 1498 ut
843 1453 949 1498 veram
961 1438 1112 1498 Ecclesiae
1125 1455 1182 1498 na-

200 1538 307 1593 turam
321 1539 488 1608 scrutetur,
512 1539 544 1595 et
566 1533 764 1610 generalibus
784 1551 857 1596 cum
874 1551 910 1596 ea
925 1535 1075 1597 connexis
1089 1535 1183 1614 prin-

202 1629 293 1708 cipiis
316 1631 455 1710 primum
478 1631 662 1709 propositis,
679 1631 754 1692 inde
768 1631 973 1710 particulares
996 1629 1202 1694 deriventur

202 1728 432 1803 conclusiones,
445 1745 514 1807 quae
527 1733 627 1789 totam
640 1729 830 1805 doctrinam,
845 1729 940 1792 veluti
954 1732 1093 1808 quodam
1106 1746 1182 1807 ger-

167 1863 169 1868 ·
204 1823 290 1885 mine
302 1823 335 1884 in
349 1825 411 1885 illis
425 1825 590 1900 inclusam,
608 1843 664 1904 per
680 1827 782 1888 varios
798 1828 912 1906 gradus
925 1829 1071 1890 evolvunt
1083 1827 1137 1907 (l).

326 2023 367 2072 ΙΙΙ,
382 2049 412 2060 -
422 2025 560 2074 Discrimen
572 2027 637 2074 inter
648 2025 690 2086 lus
701 2027 849 2078 canonicum
862 2034 887 2077 et
897 2027 1054 2089 theologiam.

242 2173 297 2234 lus
313 2174 560 2236 ecclesiasticum
575 2193 593 2236 a
607 2177 767 2260 theologia
781 2178 1035 2240 discriminatum
1050 2183 1097 2240 est
1110 2183 1181 2240 tum
1209 2223 1211 2227 -

203 2268 324 2338 ratione
335 2271 501 2349 temporis,
519 2276 586 2332 tum
599 2272 719 2334 ratione
732 2289 854 2336 rerum.

356 2477 381 2524 1.
401 2474 538 2524 Discrimen
547 2474 694 2524 historicum
708 2473 840 2535 utriusque
852 2474 962 2524 scientie
977 2475 1022 2539 (2).
1042 2477 1047 2480 '

243 2625 279 2686 In
293 2623 425 2686 historia
444 2626 523 2705 juris
545 2619 701 2704 canonici,
722 2627 783 2690 tria
797 2631 941 2706 tempora
958 2627 1185 2715 distinguenda

205 2727 291 2784 sunt.
307 2705 308 2712 ἵ
503 2731 507 2740 ’
740 2717 742 2722 ’

244 2820 267 2880 Ι.
287 2821 394 2881 Patres
414 2819 465 2898 jus
476 2819 666 2881 canonicum
685 2838 703 2880 a
719 2821 881 2900 theologia
893 2837 959 2881 non
974 2820 1181 2882 discrimina-

202 2915 288 2992 bant,
305 2934 409 2995 neque
434 2917 625 2996 theologiam
648 2919 861 2999 dogmaticam
885 2935 902 2978 a
926 2919 1049 2980 morali.
1071 2921 1181 2981 Partes

204 3013 267 3073 illae
284 3013 317 3073 in
331 3031 407 3092 quas
420 3014 517 3076 hodie
536 3015 666 3076 scientia
688 3033 777 3076 sacra
800 3015 999 3094 dispescitur,
1019 3017 1065 3078 uti
1087 3019 1182 3080 variis

204 3113 468 3193 locispropositae
482 3115 599 3178 suntin
614 3115 796 3194 scripturis,
808 3115 852 3177 ita
867 3117 934 3176 sine
950 3116 1054 3178 stabili
1066 3118 1181 3180 ordine

205 3215 237 3272 et
250 3228 308 3288 pro
320 3228 355 3272 re
375 3220 449 3296 nata
459 3213 696 3292 exponebantur
713 3213 753 3274 ab
768 3213 918 3274 Ecclesiae
934 3213 1089 3275 Patribus.
1110 3215 1183 3274 Pri-

204 3323 331 3368 morum
357 3310 441 3370 enim
462 3313 651 3373 sacculorum
669 3311 838 3390 scriptores
861 3327 926 3372 non
944 3313 1183 3390 systematicam

235 3493 266 3556 (l)
283 3490 396 3554 Audisic,
407 3492 447 3542 Dc
462 3492 532 3542 droit
544 3493 630 3556 public
641 3494 673 3544 de
683 3485 799 3560 l’liplise,
813 3497 858 3548 liv.
876 3498 897 3558 l,
909 3496 951 3546 tit:
970 3500 991 3548 1.

236 3573 269 3636 (2)
281 3573 413 3636 Zallinger,
425 3573 610 3626 Institutionum
624 3577 797 3627 caacm'earum
808 3577 871 3627 liber
886 3576 1034 3640 isagogicas,
1045 3591 1101 3641 cap.
1114 3593 1132 3630 1.
