2604 4270
9 610 19 915 s

4 944 15 1029 r'

4 1034 11 1068 l

285 881 712 996 PRAEFATIO

54 1518 246 1607 ingratiam
260 1539 385 1606 eorum,
400 1519 457 1608 qui
468 1519 646 1588 faciliorem
660 1539 824 1588 senonum
836 1519 988 1592 notitiam

18 1659 209 1751 desiderant,
225 1682 368 1751 praesens
382 1683 462 1751 opus
477 1660 711 1730 concinnatum
725 1671 785 1732 est.

57 1830 74 1871 u
99 1803 300 1896 Continqere
319 1815 442 1896 potest,
465 1815 504 1872 ul
521 1803 677 1873 nonnulli
701 1801 760 1894 qui
780 1803 850 1874 due
873 1817 1010 1876 nostras

15 1945 195 2042 intelliqere
223 1949 350 2037 volent,
374 1948 547 2041 planiores
578 1970 647 2017 uon
671 1947 847 2018 inueniant
871 1949 985 2022 libros.

15 2090 151 2183 ideoque
163 2091 245 2161 utile
258 2103 318 2175 est,
324 2091 445 2183 plures
459 2115 480 2162 u
490 2091 646 2184 pluribus
657 2091 734 2182 fieri
746 2090 873 2162 diuerso
885 2095 988 2186 stylo,

13 2252 73 2302 rou
86 2231 223 2302 diuerso
237 2233 313 2323 fide,
326 2233 431 2302 etium
445 2233 482 2303 in
497 2232 732 2324 quaestionibus
745 2232 878 2324 eisdem,
895 2247 935 2305 ut
944 2236 991 2306 ud

11 2375 174 2466 plurimos
190 2397 241 2445 res
255 2375 329 2468 ipsu
339 2375 513 2468 perueniat
527 2375 587 2466 (l).
604 2397 622 2442 o
640 2375 731 2446 Lioel
744 2379 848 2447 multa
863 2377 989 2468 dejure

9 2518 176 2608 pontificio
188 2519 308 2611 scripte
316 2517 510 2610 prodierint,
522 2520 679 2588 haetenus
689 2517 725 2588 in
738 2519 851 2592 Galliis
862 2477 1012 2612 exspes--

7 2667 91 2729 latur
107 2663 236 2730 Cursus
240 2659 334 2752 juris
343 2659 507 2748 canonici,
523 2681 643 2750 nempe
656 2683 737 2750 opus
752 2663 987 2756 methodium,

6 2801 32 2868 ir
59 2803 245 2872 meliorem
268 2802 418 2873 ordinem
443 2803 625 2892 redactum,
651 2803 794 2874 soientiae
818 2809 989 2895 postuletis

6 2943 226 3034 respondem,
243 2945 424 3034 studiisque
434 2945 636 3016 olerieolibus
649 2947 943 3019 accommodatum.

37 3088 66 3157 Ι.
93 3086 287 3158 Primarius
306 3089 420 3176 legum
434 3089 568 3158 effeetus
585 3097 634 3158 esl
648 3089 804 3176 obligatio
818 3091 859 3160 ed
878 3093 991 3166 obser*

1 3231 174 3320 randam3
200 3231 281 3299 alter
298 3247 411 3300 eorum
432 3230 564 3302 effeetus
579 3241 628 3300 est
647 3231 802 3320 obligatio
824 3235 865 3303 od
883 3239 991 3309 soien-

1 3371 87 3445 tirm.
117 3372 270 3445 Plurimi
290 3372 424 3462 quidem
439 3375 653 3462 arbitrentur,
670 3375 779 3446 eludia
788 3376 875 3467 juris
887 3383 990 3452 eoele-¹

22 3611 53 3673 ll)
67 3610 98 3664 S.
121 3608 359 3676 Augurinum.
379 3607 400 3674 1,
413 3596 446 3660 d'e
458 3607 591 3674 indilate,
603 3623 659 3676 esp.
680 3625 719 3664 111.
775 3663 778 3668 ,
