2588 4272
401 661 563 750 LIBER
596 664 655 752 iii

62 874 102 944 or
123 873 399 944 rxrosruouu
422 873 569 944 ououu
593 851 1025 954 rocuu'snsrrolnuu.

87 1082 163 1138 Ciror
178 1085 200 1140 i.
226 1080 346 1152 Reguiae
361 1081 467 1154 quibus
482 1083 620 1153 expositio
638 1084 737 1158 legum
752 1087 898 1162 dirigitur.

88 1171 163 1230 Girur
176 1171 211 1230 il.
225 1169 375 1230 Methodus
390 1171 553 1242 exponendi
566 1171 657 1244 leges.

452 1390 581 1454 CAPUT
603 1333 642 1454 Ι(

128 1551 261 1616 nogara
274 1552 394 1610 quibu·
408 1547 573 1609 expeditio
587 1551 700 1614 legum
711 1553 878 1614 dirigitur
890 1553 935 1615 (ii.

92 1721 197 1797 Legum
225 1719 381 1799 expositio
397 1723 444 1780 est
458 1718 613 1800 explicatio
629 1719 771 1780 sensorio
792 1719 854 1800 tepc
881 1718 1017 1780 contenti.

65 1820 118 1880 len
139 1837 210 1881 vero
237 1818 354 1897 duplex
386 1817 593 1896 distinguitur
623 1817 844 1896 interpretatio
874 1818 982 1897 legum
1009 1837 1017 1880 ε

66 1916 110 1976 alia
122 1923 164 1979 est
175 1915 291 1998 publico
306 1933 377 1994 queo
397 1915 436 1976 ah
453 1915 640 1978 auctoritaie
654 1916 810 2004 procedit,
838 1916 900 1977 alia
914 1912 1040 1976 eutem*
1138 1929 1141 1934 ·

63 2013 160 2092 priuato
181 2031 235 2076 seu
260 2012 454 2075 doctrinalis.
477 2013 616 2076 Proinde
638 2012 755 2092 duplex
767 2014 949 2092 regularum
967 2027 1022 2092 ge·

65 2129 109 2172 nus
124 2111 365 2191 proponendum
381 2114 439 2172 est.

94 2211 209 2289 injure
229 2209 394 2283 canonico,
420 2207 523 2288 reputo
547 2209 697 2270 definitur
716 2207 861 2269 sententio
884 2225 951 2290 poce
967 2207 1023 2289 jos

62 2308 233 2386 persistero
252 2305 410 2368 summarie
423 2305 528 2386 refert.
546 2307 616 2366 Non
630 2305 715 2368 enirn
729 2323 767 2367 ex
780 2305 889 2385 regulo
901 2307 936 2368 fit
953 2306 1016 2386 jue,

66 2407 107 2465 sed
119 2423 152 2466 ex
164 2405 232 2484 jure
248 2403 470 2484 praeexistentc
482 2403 564 2465 iacta
577 2407 624 2464 est
634 2404 753 2482 regula.

94 2504 211 2582 iicgulae
225 2503 409 2564 dividuntur
432 2499 466 2562 in
491 2499 673 2562 authenticos
696 2505 727 2562 et
749 2499 935 2561 doctrinales.
958 2502 1022 2562 Au-

65 2597 195 2660 thenticae
216 2599 363 2662 nituntur
387 2599 576 2660 auctoritate
591 2597 790 2676 legislatoris,
814 2603 846 2660 et
862 2599 925 2658 vim
942 2597 1022 2674 juris

65 2694 199 2760 obtinent.
224 2695 422 2760 Doctrinales
444 2713 462 2756 a
480 2696 666 2758 doctoribus
681 2696 808 2776 privatis
825 2696 924 2756 instar
935 2695 1024 2755 exio-

65 2798 165 2856 netum
187 2795 326 2856 inventes
340 2799 423 2856 sunt.
437 2794 529 2854 Nulla
545 2811 620 2856 vero
635 2795 744 2874 regula
755 2793 823 2856 sine
835 2792 1022 2872 exceptione

64 2891 265 2955 universaliter
278 2891 405 2970 probat.

91 3043 148 3098 inr.
163 3045 185 3100 i.
219 3041 403 3100 Authenticae
416 3040 526 3114 regulae
536 3039 624 3114 juris.

92 3131 148 3188 in.
163 3131 198 3189 ii.
219 3131 339 3204 ReguIae
352 3129 527 3188 doctrinales
540 3131 800 3202 interpretationis

91 3306 118 3368 li)
130 3310 252 3371 tincher,
267 3308 443 3359 institutiones
447 3309 521 3374 juris
530 3309 652 3370 cononici,
663 3307 710 3358 lib.
729 3310 759 3370 V,
776 3308 816 3359 tit.
831 3311 873 3370 ii,
884 3305 916 3356 dc
926 3305 1027 3374 Repulit

65 3381 126 3446 litii·
136 3416 164 3431 -·
175 3390 287 3458 Pirhiug,
297 3390 506 3452 tuscanecium,
523 3387 568 3442 lib.
581 3389 611 3452 il,
620 3389 662 3442 tit.
673 3391 712 3442 ti.
752 3431 755 3436 ,
