2588 4272
239 291 275 342 74
410 293 567 338 lllll’OSI'l'IO
588 289 765 338 durbonum
785 289 868 339 Juuts
890 289 1046 338 GANONICI.

234 419 302 477 vata
325 417 372 477 est
395 413 428 474 in
449 414 687 495 promulgandis
708 413 831 494 legibus
861 411 1046 493 pontificiis,
1072 410 1128 472 sed
1149 409 1210 488 p'ro

235 519 417 590 temporum
434 513 582 573 varietate
611 513 743 573 diversa.
774 511 875 572 Hodie
896 513 998 572 forma
1020 527 1090 588 quae
1113 526 1132 568 a
1155 525 1211 568 sex

235 610 359 672 saeculis
373 609 513 683 invaluit,
529 609 638 670 lorcin
651 627 689 670 eo
702 608 858 682 consistit,
871 613 905 668 ut
919 607 1110 668 Pontificum
1124 605 1211 682 leges

234 707 344 769 Romae
368 707 571 787 publicentur
595 713 627 768 et
644 707 821 784 affigantur.
839 708 986 767 Attamen
1001 704 1085 764 haud
1110 703 1210 764 semel

233 805 402 883 peculiaris
419 803 640 883 promulgandi
654 805 767 865 modus
780 803 967 864 adhibetur:
985 821 1013 862 v.
1032 820 1061 880 g.
1075 799 1211 862 Concilii

233 901 409 964 Tridentini
426 904 590 963 decretum
613 903 653 962 de
676 900 930 962 clandestinitate
955 897 1153 961 matrimonii
1176 897 1211 956 in

170 1043 173 1049 -
233 1000 364 1079 singulis
390 999 532 1062 ecclesiis
563 998 796 1078 parochialibus
827 998 984 1077 publicari
1011 999 1212 1076 praeceptum

234 1103 291 1158 est.

274 1193 396 1256 Sufficit
408 1194 620 1274 promulgatio
635 1194 745 1255 Romae
760 1191 852 1270 facta,
865 1191 1023 1272 siquidem
1038 1191 1212 1253 Pontifices

233 1297 365 1372 possunt
377 1297 408 1352 et
419 1293 526 1354 volunt
534 1293 583 1354 'sic
600 1292 751 1370 obligare.
1127 1291 1129 1296 '

274 1394 300 1450 l.
327 1388 395 1450 Non
411 1387 487 1450 deest
506 1397 644 1470 potestas,
672 1389 792 1451 etenim
814 1389 928 1449 modus
952 1387 1212 1466 promulgandia

232 1488 390 1550 voluntate
404 1487 591 1566 legislatoris
604 1487 742 1567 eligitur,
757 1487 932 1547 dummodo
947 1486 988 1548 sit
1002 1485 1163 1548 sufficiens
1176 1491 1213 1546 ut

233 1583 284 1646 lex
295 1585 394 1663 possit
408 1585 571 1663 pervenire
586 1585 626 1645 ad
640 1584 786 1645 notitiam
798 1581 1007 1644 subditorum.
1025 1583 1123 1661 Atqui
1138 1583 1213 1644 haec

233 1682 495 1760 promulgationis
508 1683 610 1743 forma
623 1699 681 1759 per
694 1697 727 1741 se
741 1681 859 1742 sulficit
881 1681 921 1740 ad
938 1681 1024 1741 bunc
1038 1682 1135 1740 finem
1152 1681 1213 1741 ob-

232 1781 409 1840 tinendum.
435 1783 514 1840 Nam
538 1784 653 1858 praeter
675 1777 847 1838 Bullarium
874 1782 905 1838 et
920 1777 1031 1852 diaria,
1055 1777 1149 1838 facile
1164 1782 1213 1839 est

153 1860 159 1869 ⁸
233 1878 377 1948 Romano
390 1875 536 1937 Pontifici
559 1875 777 1936 authenticum
796 1875 958 1952 exemplar
973 1875 1053 1954 legis
1066 1877 1214 1954 promul-

232 1979 313 2052 gataa
341 1974 468 2034 mittere
489 1973 609 2034 nuntiis
628 1977 659 2032 et
682 1972 859 2056 Episcopis,
883 1973 937 2050 qui
959 1973 1040 2034 hanc
1062 1973 1214 2035 notitiam

233 2070 357 2134 clericis
370 2076 402 2132 et
421 2069 567 2130 fidelibus
582 2069 819 2131 communicare
832 2074 994 2148 poterunt.

272 2171 301 2228 ἓ.
315 2168 384 2230 Non
394 2167 471 2228 deest
483 2167 635 2243 octontor;
645 2167 799 2228 nimirum
813 2168 882 2229 haec
897 2174 945 2229 est
958 2169 1098 2230 clausula
1110 2169 1214 2232 Bullis

231 2266 348 2345 apponi
364 2263 514 2327 'consueta
530 2284 537 2326 ε
560 2286 574 2322 u
584 2267 625 2328 Ut
639 2270 744 2326 autem
770 2272 941 2344 praesentes
956 2267 1069 2328 litterae
1083 2268 1122 2327 ad
1138 2285 1214 2328 om·

230 2363 321 2424 nium
333 2363 481 2426 notitiam
492 2363 614 2425 facilius
628 2363 805 2438 deveniant,
822 2369 853 2425 et
867 2381 962 2426 nemo
977 2364 1103 2428 illarum
1118 2365 1214 2444 igno-

233 2461 369 2522 rantiam
381 2462 516 2540 allegare
530 2441 642 2535 valeat,
658 2461 804 2520 volumus
818 2459 886 2521 illas
899 2462 937 2522 ad
955 2463 1212 2542 valvas...alligi

233 2565 265 2620 et
286 2559 456 2636 publicari,
472 2559 580 2638 sicque
601 2557 776 2637 publicatas
794 2575 904 2620 omnes
921 2563 953 2620 et
973 2559 1112 2638 singulos
1127 2579 1212 2640 quos

215 2655 295 2717 illae
309 2662 504 2718 concernunt
513 2655 646 2734 perinde
658 2660 780 2716 arctare
792 2661 824 2716 et
838 2658 975 2730 allicere,
989 2674 1026 2718 ac
1042 2658 1068 2718 si
1081 2658 1210 2720 unicui-

198 2823 202 2832 ,
232 2773 294 2834 que
310 2771 419 2816 eorum
432 2755 641 2834 personaliter
654 2752 811 2815 intimatae
824 2755 967 2816 luissent.
983 2777 998 2814 o

273 2853 502 2938 confirmatur:
520 2869 630 2913 omues
655 2870 756 2914 cause
767 2870 838 2930 quae
851 2853 891 2914 ad
906 2855 1079 2920 Romanam
1087 2854 1212 2916 curiam

232 2950 436 3026 deteruntur,
460 2949 643 3028 judicantur
659 2951 749 3030 juxta
766 2950 850 3029 leges
875 2952 1035 3014 eomodo
1060 2940 1225 3032 promul-'

232 3054 328 3128 gatas.

511 3194 526 3258 ξ
541 3191 566 3246 2.
576 3220 607 3232 -
621 3191 659 3244 ns
671 3190 873 3246 consuetudins
882 3178 928 3258 (t).

273 3362 513 3426 Consuetudlnis
528 3364 652 3445 indoles
667 3363 835 3442 exponitur
847 3363 967 3442 tri‘plici
984 3365 1162 3444 quastione
1179 3386 1187 3429 :

262 3535 298 3613 (t)
309 3547 475 3598 Decretalium
484 3549 527 3598 lib.
543 3551 563 3610 1,
574 3549 613 3600 tit.
625 3555 651 3601 l.
665 3575 696 3586 —
710 3550 795 3611 Bouix,
807 3549 842 3600 ne
854 3549 990 3615 principiis
1000 3549 1074 3616 juris
1085 3531 1208 3604 oenomai.

233 3651 263 3668 ·-
275 3627 619 3694 Sogllu,lnstttutionesjurtr
627 3630 735 3694 publici,
745 3644 805 3693 pars
818 3633 839 3692 1,
850 3644 907 3693 cap.
923 3645 951 3694 11,
962 3631 977 3694 ἓ
989 3633 1031 3684 tl.
1043 3659 1075 3669 -
1084 3635 1210 3684 Scbmalz·
