2604 4270
256 285 290 331 ao
412 283 569 328 aurosum
591 255 767 326 uaruonrcn
787 281 869 326 tuuis
892 277 1048 324 canorum.

254 418 352 462 nones
374 400 554 478 proximum
578 403 650 478 post
670 398 841 475 Scripturas
860 398 1026 458 thesauros
1046 397 1156 457 locum
1175 393 1232 454 ha-

254 497 340 572 bere,
357 498 573 574 dignitateque
591 512 646 556 sua
660 493 812 573 plurimas
826 494 973 555 scientias
987 509 1147 571 superare.

295 595 414 658 Verum
427 596 464 656 ad
479 594 714 674 agnoscendam
723 591 803 672 juris
817 593 1033 672 praestantiam
1047 598 1079 672 et
1091 589 1233 652 necessi-

254 699 364 766 tatem,
378 710 435 752 nos
447 692 606 754 efficacius
622 694 726 751 movet
738 689 889 752 Ecclesiae
899 689 1069 751 auctoritas
1080 705 1151 767 quaa
1166 691 1233 748 stu-

255 793 308 852 dia
330 791 483 852 canonica
504 789 630 851 clericis
646 793 852 850 nontantum
870 786 1108 848 commendavit
1126 783 1182 845 sed
1200 788 1233 844 et

256 887 446 967 imperavit:
471 886 560 948 Nulli
588 885 769 947 sacerdotum
804 885 889 946 liceat
927 903 1046 945 canonas
1082 883 1232 963 ipoorare.

256 985 456 1062 (Goelestinus
474 985 630 1058 Pontifex,
652 985 751 1063 Epist.
775 985 804 1056 3,
823 989 921 1061 caput
936 982 979 1061 l.)
999 1016 1039 1028 -
1057 980 1161 1042 Sciant
1184 995 1234 1037 sa-

255 1082 383 1143 cerdotes
410 1081 585 1162 Scripturas
598 1091 626 1143 et
648 1101 780 1156 canonas,
796 1089 830 1141 at
856 1081 1000 1162 edificent
1029 1086 1144 1140 cunctos
1173 1084 1235 1136 tom

257 1178 329 1259 fidei
351 1179 481 1254 scientio,
502 1199 590 1260 quam
611 1199 731 1261 operum
747 1179 911 1261 scriptino.
932 1177 1120 1258 (Concilium
1144 1174 1236 1236 'lole-

256 1283 367 1338 tanum
382 1277 448 1356 ΙΙΙ.)
467 1311 507 1322 -
521 1278 629 1339 Multae
643 1283 716 1339 sunt
730 1277 880 1338 Ecclesiae
895 1278 980 1354 leges
995 1273 1112 1354 quibus
1125 1272 1237 1336 clerici

254 1373 407 1452 jubentur
420 1375 585 1436 scientiam
598 1375 782 1437 canonicam
798 1376 973 1438 addiscere.

298 1472 476 1534 Gravissimi
489 1473 644 1535 momenti
659 1479 706 1534 est
717 1475 768 1554 jus
779 1473 969 1535 canonicum
984 1473 1017 1531 in
1032 1475 1124 1532 aetate
1137 1486 1235 1549 quam

256 1570 399 1644 vivimus,
418 1571 596 1648 praesertim
616 1571 650 1630 in
673 1571 855 1648 regionibus
870 1571 924 1631 ubi
939 1571 1155 1631 instaurantur
1170 1574 1237 1630 stu-

257 1667 309 1726 dia
322 1669 546 1729 ecclesiastica.
565 1668 664 1747 igitur
677 1669 954 1747 providentissime
972 1668 1058 1728 hono
1072 1666 1237 1744 religionis

257 1765 438 1824 consultum
459 1766 528 1839 luit,
551 1783 625 1826 cum
647 1766 872 1827 sanctissimus
893 1766 966 1828 Pius
982 1768 1034 1840 lX,
1054 1766 1093 1826 de
1113 1764 1237 1843 optima

257 1861 445 1921 clericorum
456 1861 656 1923 institutione
672 1865 872 1941 procuranda
885 1863 1053 1938 sollicitus,
1062 1861 1237 1922 Galliarum

256 1957 421 2034 Episcopis
441 1958 566 2019 animos
591 1960 725 2033 addidit,
746 1961 836 2021 utin
859 1961 1036 2021 seminariis
1060 1957 1237 2039 majoribus

256 2053 441 2115 cathedram
449 2055 529 2134 juris
545 2057 690 2118 canonici
700 2057 911 2120 instituerent.
930 2057 1142 2130 Quamobrem
1160 2074 1238 2118 con·

256 2151 551 2230 ciliaprovincialia‚
564 2171 666 2234 nuper
676 2155 709 2214 in
724 2156 830 2217 Galliis
846 2155 964 2230 habita,
979 2157 1107 2217 decreta
1122 2155 1238 2229 edide-

256 2255 330 2310 runt
341 2251 380 2310 ad
397 2252 537 2312 studium
548 2252 628 2330 juris
642 2253 906 2331 promovendum.
1044 2252 1047 2259 '

480 2469 535 2532 §t
552 2495 584 2506 -
598 2469 772 2522 Adminicula
781 2470 853 2536 iuris
865 2471 1006 2522 canonici.

295 2646 341 2705 lta
354 2643 503 2704 dicuntur
514 2641 654 2704 scientiae
667 2643 864 2705 subsidiaria
876 2663 946 2723 quac
960 2643 1065 2706 studio
1078 2645 1238 2707 canonico

257 2741 441 2802 inserviunt.
458 2741 604 2802 Jamvero
622 2741 779 2820 ejusmodi
794 2741 934 2803 subsidia
947 2747 1019 2802 sunt
1032 2741 1176 2804 scientiae
1188 2742 1239 2821 ju·

192 2820 197 2831 ’
256 2839 365 2900 ridicae
378 2838 591 2900 ethistoricae.

292 2973 313 3027 l.
326 2970 457 3027 Scientiae
469 2969 614 3039 iuridicae.

291 3063 323 3116 ll.
339 3059 473 3116 scientiae
485 3057 639 3114 historicae.

376 3253 399 3302 l.
413 3280 444 3290 —
455 3253 569 3303 Sciantiae
577 3253 691 3314 juridicae
701 3254 768 3304 velut
778 3254 890 3302 subsidia
901 3256 915 3304 J
917 3255 968 3304 uris
982 3255 1105 3306 canonici.

292 3421 315 3470 t.
328 3417 378 3470 Jus
393 3420 537 3476 naturale.

289 3509 317 3561 2.
331 3504 455 3560 Scienlia
468 3508 542 3575 jnris
560 3508 651 3565 divini
664 3510 787 3581 positivi.

290 3598 316 3650 3.
331 3593 380 3650 lus
394 3595 489 3652 civile.
