2630 4250
186 185 241 232 924
351 183 511 230 Exeosrrlo
531 181 709 230 METEODIGA
730 181 814 226 suuis
836 180 992 226 ennomus.

234 355 254 404 I.
267 380 293 392 -
310 355 424 404 Potestas
433 351 463 402 R.
478 351 605 403 Pontifiois
621 352 690 401 circa
701 350 846 401 electionem
861 350 901 400 sui
916 350 1062 400 sucoemoris
1074 349 1120 414 (tl.

226 497 249 556 l.
276 493 326 554 Ad
344 495 382 556 lt.
401 493 574 576 Pontificem
599 501 707 574 spectat
723 494 778 574 jus
806 491 1017 555 determinando
1037 491 1171 572 sormam

186 591 274 671 tejas
299 590 454 653 electionis.
488 625 529 638 --
554 591 711 653 Probatur
736 593 767 652 l⁰
796 608 835 652 ex
862 590 952 669 praxi
989 590 1166 652 Ecclesia:

187 691 328 770 quamvis
342 709 400 752 nos
412 689 548 770 fugerint
557 695 766 752 monumenta
776 689 891 769 quibus
901 689 1024 768 priores
1033 689 1170 754 Romani

186 789 357 851 Pontifices
372 790 608 852 constituerrmt
618 790 750 852 modum
773 789 807 849 in
833 788 989 850 electione
1009 786 1171 849 adhiben-

187 888 275 961 dum,
289 891 396 950 tamen
406 887 559 950 habemus
574 886 753 950 certamrei
767 885 913 948 notitiam
927 883 1172 962 iusubsequeu-

186 984 271 1052 tibus
289 985 507 1062 Pontificibus,
523 991 667 1064 quorum
678 988 796 1046 statuta
810 983 1001 1046 electionem
1021 1000 1040 1042 a
1061 981 1172 1044 multis

187 1081 311 1144 saeoulis
325 1081 543 1173 moderantur.
562 1084 638 1154 Quae
652 1083 738 1161 leges
750 1085 847 1142 tantm
869 1085 941 1142 sunt
960 1080 1172 1152 auctoritatis,
1270 1139 1279 1150 „

187 1181 347 1240 utcontra
362 1178 445 1256 ipsas
458 1179 541 1240 iacta
556 1179 671 1240 electio
688 1179 728 1240 sit
742 1195 780 1240 eo
795 1179 864 1258 ipso
879 1177 978 1239 irrita.

227 1274 383 1336 Probatur
393 1279 428 1336 2⁰
444 1277 637 1338 erratione:
653 1276 796 1338 Christus
817 1277 953 1338 formam
967 1274 1066 1355 istius
1086 1275 1175 1336 elec·

188 1372 284 1436 tionis
299 1391 365 1435 uon
381 1374 612 1450 determinavit,
633 1376 773 1436 sedeam
799 1374 929 1452 reliquit
943 1371 983 1433 ab
1010 1372 1177 1460 ecclesias·

188 1470 252 1532 tion
266 1471 456 1535 auctoritate
469 1473 754 1534 determinandam.
773 1472 912 1533 Proinde
931 1471 1105 1532 dicendum
1125 1475 1176 1532 est

78 1601 80 1604 ·
189 1569 270 1630 hane
278 1573 469 1646 potestatem
477 1569 821 1632 inPoutifioeRomauo
832 1569 982 1630 residere.
995 1570 1076 1630 Cum
1086 1567 1173 1629 enim

189 1665 251 1743 ipsi
261 1667 725 1746 colletalueritplenapotestes
736 1665 1059 1746 regendiblcelesiam
1069 1671 1177 1726 causae

191 1762 327 1841 majores
346 1765 383 1824 ad
402 1765 494 1826 illum
510 1770 672 1842 spectant3
687 1765 835 1844 etquijus
852 1763 1018 1843 regulandi
1031 1763 1169 1824 formem

192 1857 224 1920 in
251 1861 408 1922 electione
431 1862 554 1923 Summi
582 1861 747 1924 Poutlfiois
762 1861 988 1937 adhibendam,
1005 1866 1051 1923 est
1074 1877 1172 1922 cause

191 1957 304 2033 major,
321 1957 481 2036 siquidem
494 1975 602 2020 curam
620 1959 966 2023 universalisldcolesiee
978 1959 1121 2038 respicit.

231 2053 272 2116 Il.
298 2053 347 2114 An
381 2054 420 2116 R.
448 2054 593 2135 Pontifex
615 2056 707 2136 possit
733 2057 793 2138 inse
819 2057 877 2119 sebi
896 2075 1084 2118 successorem
1109 2055 1183 2116 sub-

183 2137 311 2212 'stitnere
335 2151 381 2212 uel
398 2151 515 2232 elegere,
546 2155 801 2217 controvertitur.
826 2157 973 2218 Affirmat
986 2156 1183 2235 primeseu·

126 2293 129 2299 .
194 2249 306 2325 tentia,
320 2251 460 2310 secunda
477 2258 583 2330 negat,
597 2253 692 2316 tertia
709 2254 886 2334 distinguit.

237 2346 345 2424 Aliqui
361 2353 474 2426 putant
487 2349 520 2409 id
534 2351 603 2412 fieri
620 2368 723 2428 posse,
742 2355 773 2414 et
790 2369 898 2414 revera
910 2353 1030 2414 factum
1046 2367 1124 2412 esse.
1138 2383 1181 2395 -

200 2445 316 2505 Verum
338 2445 371 2504 in
382 2447 546 2510 annalibus
572 2449 722 2512 Ecclesiae
739 2451 862 2511 nullum
888 2449 1029 2512 occurrit
1055 2452 1182 2509 eertum·

198 2543 379 2620 exemplum
401 2545 495 2606 ullius
507 2547 670 2608 Pontificis
685 2548 751 2628 qui,
765 2548 895 2627 propria
906 2547 1104 2621 auctoritato,
1116 2544 1180 2605 sibi

195 2657 413 2704 successorem
424 2643 563 2723 elegerit.
580 2646 876 2725 Exemplaquidem
891 2645 1017 2724 objecta
1030 2661 1095 2705 non
1109 2645 1186 2704 lue·-

196 2743 269 2799 runt
282 2740 453 2802 electiones
468 2745 698 2819 successorum,
724 2743 780 2804 sed
803 2743 1037 2822 designationes
1060 2740 1181 2818 eligen-

196 2835 321 2897 dorum.
341 2838 511 2900 Pontifices
535 2841 631 2916 enim,
654 2833 905 2902 aGardinalibus
928 2838 1040 2917 rogati,
1057 2839 1182 2899 indica-

197 2937 271 2994 runt
296 2947 391 3011 quem
410 2935 590 3012 judicarent
619 2937 752 3018 dignum
777 2937 928 3000 cathedre
954 2936 1050 3011 Petri,
1086 2934 1181 2996 salvis

197 3035 304 3092 tamen
329 3031 438 3092 liberis
454 3033 638 3113 eligentium
656 3034 833 3114 suffragiis3
860 3035 998 3112 ideoque
1018 3035 1121 3094 nullus
1142 3051 1183 3094 ex

198 3127 370 3208 designatis
381 3149 413 3192 se
427 3131 523 3210 gessit
537 3138 573 3194 ut
584 3125 712 3212 Papam,
725 3133 786 3194 nisi
797 3137 871 3211 post
885 3130 1087 3193 subsecutam
1102 3131 1183 3191 elec-

196 3225 331 3289 tionem.
360 3229 510 3292 Prolecto·
533 3231 618 3292 aliud
648 3237 795 3294 osteum
822 3229 973 3290 fratribus
1002 3228 1182 3290 deliberare

199 3321 238 3382 de
252 3323 408 3402 eligendo,
429 3327 514 3388 aliud
534 3327 695 3408 diguitatis
711 3328 881 3390 haeredem
895 3325 955 3386 sibi
974 3325 1180 3388 substituere.

231 3455 262 3516 (1)
275 3455 402 3517 Gonzalez,
415 3459 526 3520 Pirlnng,
539 3461 766 3524 schmalzgrueber,
779 3459 814 3510 ool
827 3461 998 3510 Decretoliunr
1009 3461 1052 3510 lib.
1060 3461 1081 3522 1,
1094 3464 1134 3512 tit.
1148 3473 1190 3520 rr„

133 3609 136 3614 Ι
201 3533 233 3583 de
244 3533 383 3584 illectione.
394 3564 424 3572 -
439 3539 560 3599 Ferraria,
575 3540 697 3604 Prompto
706 3539 870 3602 debitotteco,
884 3547 903 3589 t.
917 3539 956 3590 vt.
