2588 4272
400 202 475 248 PARS
495 200 674 246 cenenum.
989 203 1023 250 91

105 319 208 398 Repete
220 321 262 380 Ψ.
280 318 431 390 Quaedam
441 317 688 380 eonsuetudines
703 319 862 398 requisitis
872 319 1029 382 conditio·

73 418 150 478 nibus
160 417 338 478 satisfacere
350 421 492 495 possunt.

105 514 206 594 Repete
233 517 276 576 3³.
302 517 337 574 in
368 513 465 575 duhi'o
487 515 539 592 jus
572 531 741 578 commune
775 515 933 594 possidet,
967 515 1029 576 nisi

38 631 39 644 ¹
76 612 97 674 S.
114 613 203 674 Sedes
217 612 363 674 consulta
377 610 551 689 indulgeat.

455 836 584 898 CAPUT
604 837 632 898 ΙΙ

286 991 520 1045 ordinationes
533 993 661 1054 legibue
674 993 798 1043 attinet.

103 1161 158 1216 tur.
170 1160 190 1214 Ι.
207 1159 410 1216 Ordinationes
423 1159 514 1231 ipsius
527 1161 681 1218 pontificis.

103 1253 159 1305 tur.
170 1251 203 1306 ΙΙ.
216 1248 379 1306 Decisiones
393 1249 653 1321 congregationum
665 1265 862 1306 romanarum.

421 1467 641 1522 ARTICULUS
658 1467 673 1522 l

320 1632 511 1674 contrementes
529 1633 613 1674 IPSIUS
631 1631 778 1672 Pcnnlrlcts

106 1798 150 1860 tt.
168 1797 290 1853 Ratione
304 1796 421 1854 formae:
436 1797 596 1869 Rescripta.

107 1882 151 1946 §2-
165 1882 286 1940 Ratione
298 1883 439 1940 materiae:
456 1881 618 1954 Privilegia.

364 2083 379 2148 ἓ
395 2083 421 2138 1.
438 2112 468 2122 -
484 2083 522 2136 De
534 2081 683 2150 rescriptis
691 2083 744 2168 (¹¹1

108 2255 127 2316 Ι.
142 2253 294 2335 Definitio.
313 2288 352 2302 -
378 2257 617 2334 «Rescriptum,
640 2255 745 2334 quoad
769 2267 899 2326 nomen,
916 2253 964 2311 est
978 2267 1037 2308 res-

76 2368 183 2428 ponsam
202 2354 342 2434 seraptem
351 2371 365 2430 ‚·
376 2358 408 2415 at
422 2353 527 2432 quoad
542 2371 621 2426 rem,
638 2351 829 2428 rescriptum
843 2347 970 2426 proprie
987 2363 1040 2407 ac-

79 2456 191 2527 ceptum
203 2452 351 2513 definitur
361 2470 529 2531 responsum
538 2449 689 2530 Pra'ac'pis
702 2449 809 2529 serapte
818 2445 920 2507 datum
934 2443 973 2504 od
997 2443 1040 2504 cl·

79 2547 152 2608 terias
164 2549 355 2630 supplicantis
363 2549 410 2610 cel
418 2547 592 2608 consulentis
602 2547 785 2606 instantiam.

108 2659 223 2721 Dicitur
237 2665 269 2720 1⁰
290 2661 467 2742 Responsum
480 2658 642 2740 Principis,
658 2673 774 2734 nempe
792 2653 915 2716 Summi
935 2653 1041 2714 Ponti·

79 2753 145 2831 icis,
159 2775 255 2838 aquo
270 2759 349 2832 solo,
365 2758 391 2818 si
410 2757 577 2818 verborum
594 2753 772 2835 proprietas
786 2751 923 2813 tenenda
937 2753 994 2825 est,
1009 2749 1042 2809 in

80 2853 159 2915 rebus
174 2855 395 2918 ecclesiasticis
409 2855 563 2934 rescripte
577 2852 808 2916 conceduntur.

109 2965 227 3028 Dicitur
237 2971 270 3028 2⁰
293 2965 413 3047 Scripta
427 2965 643 3050 decommum
666 2961 821 3041 rescripta
842 2958 991 3020 ditierunt
1004 2955 1044 3018 ab

84 3066 198 3126 oraculo
211 3065 290 3126 vivae
301 3065 401 3126 vocis.

112 3175 229 3237 Dicitur
243 3179 277 3237 3⁰
291 3175 342 3236 Ad
354 3175 521 3236 instantem
530 3173 652 3235 alterius
664 3169 857 3233 consulentis
866 3167 915 3228 vel
925 3166 1046 3246 suppli·
1096 3165 1101 3178 '

84 3271 171 3333 cautis
186 3293 193 3348 ;
211 3274 296 3334 uude
321 3273 484 3351 potissima
509 3287 620 3334 eorum
642 3268 752 3329 divisio
774 3264 872 3344 estin
894 3264 1047 3343 rescripta
1096 3343 1098 3350 Ι
1145 3323 1148 3330 ,

81 3365 186 3431 iustitie
199 3376 230 3433 et
242 3369 362 3451 protioe.
378 3369 540 3452 Rescripta
553 3363 684 3450 justitie
704 3365 819 3458 dantur
840 3362 879 3426 ad
891 3361 1047 3446 justitiam

113 3557 144 3621 (ι)
154 3537 331 3624 reserarem,
344 3561 389 3614 ua.
399 3561 421 3624 1,
430 3562 471 3612 ut.
487 3564 511 3622 a.
523 3561 559 3612 ne
570 3557 707 3624 rescripte.
