2588 4272
236 245 269 293 es
399 244 556 294 uxrosrmo
577 233 754 292 unruonrcs
774 243 857 291 rums
879 247 1035 294 ennomer.

229 368 335 426 utatur
355 363 521 444 privilegio
546 363 715 443 ejusmodi,
738 363 835 426 tacite
850 372 998 428 censetur
1021 366 1103 428 illud
1125 383 1209 444 prrs-

229 462 393 541 scriptioni
406 462 606 525 submittere.

269 560 505 622 &beneditione
527 558 701 621 concedentis
725 561 773 622 vel
797 562 986 624 successoris
1007 561 1210 643 privilegiato

228 658 383 720 intimata.
401 657 570 720 Revocatio
591 658 744 738 generalis
765 661 801 719 fit
818 677 875 738 per
890 661 1063 722 clausulam
1078 677 1212 738 genera·

228 757 292 816 lem
310 775 316 816 :
333 774 390 814 non
408 753 586 816 obstantibus
606 753 829 836 quibdscemque
844 755 1025 836 pricilepiis,·
1040 755 1211 836 privilegia

227 871 301 914 vero
326 853 517 933 specialibus
542 853 690 913 clausulis
706 855 828 914 munita
854 871 919 915 uon
935 853 995 913 nisi
1014 853 1148 932 speciali
1176 860 1211 916 et

228 968 375 1030 expressa
389 950 550 1012 mentione
564 957 763 1011 revocantur.
785 949 949 1029 Privilegia
966 967 1052 1010 mere
1067 950 1211 1030 gratiosa

227 1049 294 1110 sine
308 1065 401 1110 causa
412 1047 552 1109 revocari
566 1037 635 1108 non
647 1037 761 1123 solent,
771 1049 845 1126 quia
858 1048 934 1110 illud
951 1065 970 1108 a
982 1047 1136 1127 dignitate
1152 1067 1210 1110 su-

227 1145 359 1224 perioris
372 1146 509 1207 alienum
525 1163 591 1208 esse
604 1145 739 1206 videtur.
756 1146 826 1207 Alia
834 1146 1008 1225 privilegia,
1024 1147 1209 1224 praesertim

228 1241 342 1322 quibus
359 1244 441 1306 inest
459 1243 538 1306 ratio
555 1243 786 1322 conventionis,
808 1261 866 1322 pro
884 1243 978 1304 libitu
997 1243 1090 1304 unius
1105 1245 1209 1322 partis

226 1343 366 1404 revocari
375 1360 439 1404 non
450 1346 592 1422 possunt.
608 1343 625 1402 J
628 1346 706 1404 ustae
718 1341 888 1404 revocandi
902 1359 1005 1404 causae
1016 1347 1089 1404 sunt
1098 1341 1210 1404 abusus

225 1439 383 1521 pricitepii‚
401 1440 550 1504 necessitas
557 1439 678 1522 publica
693 1437 745 1520 (l).
824 1517 826 1522 Α

582 1663 802 1722 ARTIGULUS
819 1664 848 1718 11

410 1835 561 1876 DECISIONES
575 1835 816 1876 CONGREGATIONUM
835 1833 1012 1876 ROMANARUH.

250 1960 277 2048 ¹§
292 1985 316 2037 l.
337 1981 448 2037 indoles
462 1983 593 2055 ipsarum
604 1983 878 2054 Congregationum.

261 2074 315 2137 §b
334 2071 529 2142 blultigeneris
542 2071 695 2128 auctoritas
709 2071 889 2128 decisionum
904 2071 939 2128 ab
954 2071 996 2128 eis
1007 2070 1168 2128 editurum.

345 2263 361 2326 ἓ
376 2261 442 2316 1.-
459 2263 571 2317 indoles
583 2262 833 2330 congregationum
844 2267 1073 2327 romanarumttt.

264 2429 289 2492 Ι.
299 2428 386 2491 Vario
394 2430 557 2512 fnitfonno
564 2432 852 2496 concretione-
859 2433 1067 2513 Distinguitur
1081 2433 1206 2513 triplex

225 2533 311 2601 ¹atas,
335 2545 451 2610 nempe
474 2532 683 2596 conciliorum
705 2549 932 2608 romanorum,
953 2532 1141 2595 consistorii
1169 2539 1205 2597 et

225 2628 521 2707 Congregationum.

263 2741 292 2800 l.
311 2737 442 2800 Cencitio
456 2759 588 2802 romena.
601 2743 729 2802 ——bnte
739 2743 890 2803 saeculum
905 2757 949 2816 xr,
965 2748 1205 2806 consueverunt

223 2837 391 2900 Pontifices
412 2855 520 2899 causas
535 2840 771 2902 ecclesiasticas
783 2836 926 2919 judicare
939 2840 972 2899 in
986 2839 1133 2902 conciliis
1148 2859 1206 2902 ro·

222 2935 335 3011 mauis,
362 2935 474 3015 quibus
500 2937 672 3000 intererant
695 2937 844 3016 Episcopi
866 2936 1076 2998 suburbicarii
1091 2943 1126 3000 et
1141 2939 1203 3000 atii

206 3049 294 3094 rcunr
314 3031 505 3112 presbyteris
515 3039 547 3095 et
562 3033 704 3096 diaconis
716 3033 867 3096 Ecclesia
880 3050 1032 3095 romanae.

259 3147 288 3205 ἢ.
303 3141 400 3207 AEtes
420 3141 599 3207 cantioni.
624 3177 665 3194 -
678 3147 845 3208 Crescente
858 3160 992 3207 numero
1004 3145 1150 3207 fidelium
1167 3152 1202 3210 et

220 3241 422 3320 negotiorum
430 3244 470 3304 ad
479 3244 627 3306 Sanctam
643 3244 759 3306 sedem
774 3243 1014 3320 confluentium,
1027 3243 1202 3307 viciniores

251 3437 286 3504 (t)
295 3439 415 3503 Mascbat‚
430 3439 600 3494 destitutiones
608 3443 684 3508 jacis
693 3443 815 3504 canonici,
826 3445 869 3494 lib.
883 3445 913 3506 V,
923 3443 967 3496 tin
986 3446 1024 3495 33.
1076 3445 1079 3453 “

214 3565 216 3571 ,
251 3521 285 3585 (2)
298 3523 416 3588 Analecta
428 3523 493 3584 juris
502 3525 620 3586 pontificii
632 3540 640 3574 a
652 3525 702 3574 Des
713 3524 908 3590 Conpreeotiuns
916 3525 1047 3576 comninos·
1060 3551 1090 3562 -
1107 3526 1201 3589 meix.

220 3601 349 3668 DeGuric
362 3615 476 3664 ronmna.
