2620 4258
217 196 268 244 258
385 191 541 241 exroslrro
561 187 740 236 unrucnlcn
761 187 844 232 tutus
867 189 1022 236 canonici.
1278 138 1279 186 1

257 315 403 376 Jamrero
416 312 568 372 Praelatus
583 305 700 367 dicitur
715 305 769 365 ille
784 305 917 368 clericus
933 307 986 384 qui
999 305 1195 384 jurisdictio·
1279 316 1280 342 ¹

218 427 291 472 nem
306 409 518 489 episcopalem
540 405 588 466 vel
606 402 696 482 qnasi
712 402 926 480 episcopalem
942 405 974 464 in
987 406 1056 467 soro
1070 411 1201 466 externo

218 513 352 569 exercet.
369 509 479 584 Itaque
492 503 595 566 omnis
610 500 785 578 Episcopus
798 506 845 562 est
856 503 1025 577 Praelatus;
1043 505 1096 565 sed
1113 504 1199 563 Prae·
1280 496 1281 580 l

214 605 517 668 'latusinleriornon
532 599 778 678 estllpiscopus.
1280 591 1281 618 ³

254 755 278 806 l.
294 750 399 806 Vicarii
414 747 569 820 apostolici
585 744 663 817 apud
677 743 838 800 missiones.

253 843 281 896 2.
295 839 401 896 Vicarii
416 835 570 909 apostolici
584 833 662 906 apud
675 833 822 888 dioeceses.

431 1050 452 1096 ι.
468 1044 559 1094 vicarii
571 1027 705 1106 apostonci
717 1041 783 1103 apua
794 1040 924 1090 missiones
935 1041 979 1104 (ι).
1278 1032 1284 1188 A

174 1199 183 1213 ’
259 1212 376 1276 Vicarii
399 1213 574 1292 Apostolici
600 1213 767 1292 regionum
791 1229 864 1290 quae
896 1227 983 1272 more
1009 1208 1195 1271 missionum
1229 1227 1233 1240 ·
1284 1212 1285 1302 l

221 1316 384 1390 reguntur,
408 1311 557 1372 differunt
578 1327 596 1370 a
618 1309 751 1372 Vicariis
772 1307 962 1387 Apostolicis
985 1307 1149 1386 regionum
1164 1307 1196 1366 in

222 1408 338 1489 quibus
352 1405 815 1472 ertatordinariaHierarchia.
901 1433 903 1438 ·
1285 1390 1286 1464 l

112 1574 113 1578 ,
260 1508 282 1568 1.
302 1506 503 1568 Missionibus
527 1505 748 1592 praeficiuntur
765 1503 873 1566 Vtearii
886 1503 1050 1584 apostolici
1068 1509 1099 1564 et
1117 1502 1198 1563 Pro·
1286 1568 1287 1596 1

222 1603 295 1683 secti
305 1603 479 1684 Apostolici.

271 1699 377 1761 Vicani
392 1702 415 1760 A
417 1699 555 1782 portatici
574 1699 704 1778 proprie
720 1697 797 1761 dicti
811 1701 914 1760 solent
938 1695 1112 1777 episcopali
1127 1696 1198 1757 cha·
1287 1748 1288 1774 p

222 1805 345 1888 rpctere
359 1799 514 1876 insigniri,
532 1799 571 1858 'et
584 1799 678 1858 simul
698 1798 878 1876 promoveri
894 1798 934 1857 ad
948 1797 1076 1858 titulum
1089 1794 1196 1872 cujus·

222 1896 295 1956 dam
313 1895 450 1972 antiquae
462 1895 614 1956 Ecclesiae
629 1895 802 1976 inpartibus
814 1893 986 1976 infidelium.

260 1989 408 2069 Profecti
418 1990 583 2069 Apostolici
591 1997 663 2053 sunt
675 1992 862 2072 presbytcri.
876 1991 1021 2064 Quamvis
1035 2008 1054 2051 a
1066 1989 1196 2053 vicariis

222 2087 413 2167 Apostolicis
429 2087 576 2152 differant
585 2089 709 2166 ordine,
725 2091 877 2152 tamenad
891 2089 1062 2152 eosrelerri
1073 2095 1198 2167 possunt

224 2190 379 2265 quatenus
404 2187 488 2263 apud
516 2187 659 2249 colonias
679 2187 946 2250 administrationi
972 2204 1080 2248 rerum
1098 2203 1198 2248 sacra·

224 2299 295 2343 rum
317 2282 501 2361 praesident.
530 2285 710 2347 Facultates
728 2285 823 2363 paulo
840 2285 979 2344 minores
993 2283 1071 2361 ipsis
1089 2280 1198 2343 conce·

225 2383 355 2443 duntur.
391 2412 394 2418 ·

263 2481 300 2542 ΙΙ.
318 2481 365 2542 Ad
376 2485 553 2564 potestatem
565 2497 677 2540 eorum
695 2482 780 2560 quod
794 2480 919 2551 attinet,
940 2479 1057 2558 triplex
1070 2475 1200 2556 qnaestio

224 2579 374 2641 solvenda
392 2582 462 2639 est:
485 2580 511 2638 l.
530 2578 697 2650 Quomodo
719 2578 870 2640 constitui
887 2578 1028 2649 soleant;
1045 2579 1078 2638 2.
1096 2573 1202 2646 Qualis

225 2673 265 2738 sit
279 2674 408 2736 illorum
422 2671 608 2750 auctoritem
631 2678 661 2738 3.
677 2677 726 2737 Ad
743 2693 838 2754 quem
854 2675 1035 2755 jurisdictio
1051 2677 1200 2744 transeat,

226 2772 374 2834 defuncto
389 2773 516 2835 vicario
530 2773 728 2852 apostolico.

232 2891 233 2894 ¹
263 2869 388 2947 Duplici
399 2873 496 2931 modo
511 2871 758 2934 constituuntur.
774 2871 805 2933 Si
818 2873 1053 2950 promovendus
1064 2885 1204 2950 praescns

224 2963 264 3026 sit
278 2965 388 3024 Romae
403 2963 452 3026 vcl
473 2963 507 3022 in
520 2964 620 3040 ltalia,
640 2966 689 3026 vel
702 2965 727 3027 si
746 2967 856 3026 Romae
871 2965 976 3026 adsint
991 2965 1055 3026 dno
1071 2962 1130 3023 viri
1150 2961 1203 3040 qui

224 3061 264 3122 de
281 3060 350 3139 ipso
374 3060 595 3124 testimoninm
619 3062 701 3124 serre
726 3064 860 3142 possint,
881 3068 957 3124 tunc
977 3063 1012 3122 nt
1036 3075 1204 3140 processus

224 3155 443 3222 informativns
467 3178 556 3240 saper
578 3159 769 3240 qualitatibus
781 3179 924 3241 per-some.
948 3159 979 3220 Si
995 3160 1094 3221 etiam
1108 3163 1206 3220 testes

226 3253 385 3331 deficiant,
400 3257 561 3318 sufficiens
575 3257 710 3319 habetur
720 3258 880 3338 judicium
895 3259 927 3320 S.
945 3254 1206 3335 Congregationis

226 3515 242 3564 1·
245 3437 429 3566 b(llllBenedicti
452 3439 507 3488 XIV
522 3441 608 3492 Const.
627 3423 809 3505 Apostolicurc.
827 3468 858 3480 -
878 3443 913 3491 De
933 3440 1035 3504 synodo
1052 3439 1206 3498 dioecesana,

236 3529 242 3563 l
261 3553 266 3565 .
308 3531 384 3579 ‚cap
402 3531 427 3568 x.
