2620 4258
213 207 264 253 ΠΒ
375 206 540 268 ¹EXPOSITIO
562 197 743 252 uurflomct
763 206 845 251 tuuis
868 168 1024 252 canorum.
1110 227 1114 234 ¹

211 330 364 403 quatenus
377 324 506 386 diversis
532 324 752 386 ministrorum
762 323 927 385 ordinibus
941 324 1194 386 committuntur
1295 409 1296 416 ἵ

213 423 415 485 conterenda.
748 480 752 486 ,

251 521 398 582 Jamvero
412 519 592 581 sacerdotes
614 518 811 580 destinantur
829 519 868 578 ad
895 518 1108 580 conficiendas
1122 519 1202 580 sim-

213 617 311 696 plices
332 617 583 692 benedictiones,
609 617 679 678 illas
703 615 826 677 scilicet
842 633 913 694 quaa
929 615 996 676 sine
1012 615 1199 678 chrismatis
1295 633 1296 660 ¹

214 714 364 776 unctione
378 713 597 792 perficiuntur,
613 729 718 792 neque
733 713 898 793 Episcopis
923 718 995 774 sunt
1014 719 1196 777 reservatae.

216 813 414 890 Quapropter
444 828 462 870 a
494 810 689 890 presbyteris
713 811 779 872 sine
809 812 874 872 ulla
897 811 1023 873 licentia
1047 811 1202 874 benedici

215 913 348 986 possunt
359 925 439 986 aqua
453 907 723 984 lustralis,etaliae
741 925 790 969 res
806 925 940 985 quarum
961 908 1148 972 benedictio
1165 911 1199 970 in

217 1006 331 1068 Rituali
345 1005 403 1066 sub
416 1005 520 1084 primo
530 1005 625 1067 titulo
640 1006 780 1085 ponitur.
857 1004 858 1008 ’
1071 1083 1073 1088 ,
1295 1063 1296 1088 ξ

256 1104 405 1182 Episcopi
421 1104 604 1165 facultatem
616 1103 735 1166 habent
750 1103 940 1166 conficiendi
953 1103 1199 1167 benedictiones
1221 1105 1224 1110 ’

218 1200 405 1262 sacratiores
418 1205 450 1260 et
463 1199 563 1278 magis
578 1202 755 1274 solemnes;
773 1201 905 1279 proinde
930 1201 1006 1280 ipsis
1020 1202 1197 1280 multiplici

218 1300 315 1360 modo
329 1303 527 1359 reservantur
540 1298 786 1367 sacramentalia
802 1298 1021 1360 ministranda.
1046 1333 1085 1343 —
1099 1301 1130 1358 t⁰
1144 1299 1196 1358 Ad
1295 1301 1296 1380 J

218 1399 393 1477 Episcopos
406 1397 568 1475 pertinent
579 1397 819 1470 henedictiones
832 1414 939 1458 rerum
959 1415 1030 1475 qua
1047 1398 1085 1456 ad
1101 1413 1197 1457 orna·
1295 1443 1296 1468 ,

220 1502 285 1556 tum
300 1495 447 1556 sacrificii
463 1495 670 1564 destinantur,
684 1513 712 1556 v.
725 1512 755 1574 g.
768 1494 955 1555 indumenta
973 1495 1197 1556 sacerdotalia.
1295 1531 1296 1560 r

112 1607 114 1610 ·
219 1594 293 1664 Ouae
306 1597 413 1654 tamen
439 1592 680 1654 benedictiones
694 1609 759 1654 non
773 1592 817 1652 ita
837 1592 977 1670 rigorose
999 1591 1108 1652 ordini
1130 1593 1197 1671 epi·
1295 1599 1296 1664 ζ

219 1690 337 1768 scopali
351 1691 482 1751 adnexae
497 1697 580 1762 sunt,
595 1689 671 1768 quin
687 1688 801 1767 saepius
812 1687 1030 1750 sacerdotibus
1046 1689 1196 1768 delegen-

218 1794 279 1850 tur.
295 1817 334 1834 -
356 1791 388 1848 2⁰
403 1789 450 1847 Ad
475 1787 670 1866 Episcopum
685 1791 842 1876 spectant,
868 1803 972 1866 neque
1001 1786 1196 1868 presbyteris
1295 1791 1296 1798 ’

220 1886 406 1962 delegantur
420 1883 659 1944 benedictiones
677 1900 786 1945 rerum
808 1901 878 1961 quae
892 1883 1021 1944 nonnisi
1046 1889 1081 1946 ut
1100 1883 1194 1946 hene·
1295 1869 1296 1924 ]

219 1981 314 2042 dictas
330 1985 402 2040 sunt
416 1981 549 2041 materia
567 1981 700 2059 alicujus
716 1982 923 2056 sacramenti3
945 2001 973 2041 v.
989 2001 1019 2060 g.
1037 1983 1196 2044 conlectio

220 2077 404 2140 Ghrismalis
423 2083 454 2138 et
483 2075 550 2137 Olei
575 2077 786 2139 infirmorum.
816 2112 857 2123 —
880 2081 910 2140 3⁰
936 2081 1196 2142 consecrationes

221 2193 291 2255 quae
302 2192 390 2236 saera
403 2174 554 2236 unctione
563 2175 779 2252 perficiuntur,
797 2176 908 2238 stricto
920 2177 991 2256 jure
1001 2178 1047 2239 ita
1061 2183 1133 2240 sunt
1148 2197 1197 2239 or·

221 2273 288 2332 dini
301 2271 626 2350 episcopaliadnexae,
640 2277 674 2334 ut
684 2289 750 2334 non
760 2274 882 2350 possint
894 2273 932 2334 ab
947 2275 1016 2353 ipso
1035 2275 1195 2356 Episcopo
1295 2301 1296 2324 1

221 2371 360 2450 delegari
383 2371 610 2447 sacerdotibus,
628 2390 656 2432 v.
674 2389 702 2450 g.
722 2373 919 2434 consecratio
936 2373 1097 2448 Ecclesia,
1117 2375 1198 2436 alta-

220 2468 273 2541 ris,
291 2467 409 2542 oali'cis,
425 2473 487 2533 eto.

258 2566 297 2626 ll.
315 2565 500 2626 Moderatum
518 2565 613 2626 cultos
630 2565 731 2628 diuini.
746 2602 786 2612 —-
802 2569 995 2646 supremum
1008 2569 1056 2648 jus
1070 2568 1194 2648 liturgi-
1295 2605 1296 2638 r

220 2679 293 2723 cum
306 2664 345 2724 ad
358 2665 526 2725 Summum
538 2664 728 2726 Pontificem
743 2665 898 2742 pertinet3
915 2672 1107 2744 quapropter
1119 2667 1195 2744 Epi·

221 2759 308 2837 scopi
324 2765 464 2839 potestas
480 2760 639 2839 liturgiam
660 2761 694 2823 in
715 2779 771 2824 sua
788 2762 917 2824 dioecesi
940 2763 1119 2842 regulandi,
1144 2780 1195 2824 ex·

221 2856 321 2918 cludit
333 2857 464 2935 quidem
481 2859 532 2937 jus
551 2859 709 2920 statuendi
727 2861 812 2939 leges
825 2859 858 2920 in
871 2860 965 2922 rebus
980 2859 1195 2922 substantiali·
1295 2863 1296 2946 ἦ

221 2953 290 3016 hus.
307 2957 464 3030 Attamen,
482 2973 555 3018 oum
571 2956 741 3018 auctoritas
769 2957 919 3038 Episcopi
933 2975 966 3018 se
985 2959 1137 3019 extendat
1158 2959 1194 3018 ad
1295 2983 1296 2992 ¹

222 3067 258 3112 ca
272 3053 379 3114 omnia
402 3071 472 3132 quae
495 3055 638 3134 regimen
665 3055 809 3116 dioecesis
834 3055 941 3136 exigit,
969 3056 1194 3135 complectitur

222 3167 347 3228 quoque
363 3152 465 3212 cultus
477 3152 573 3214 divini
589 3153 812 3216 directionem.

263 3247 342 3308 Hinc
356 3249 394 3308 ad
407 3249 599 3330 Episcopum
609 3255 732 3329 spectat
749 3253 801 3310 :1⁰
817 3249 969 3312 Ordinem
985 3251 1083 3312 divini
1100 3252 1195 3314 ollioii
1295 3237 1296 3240 ¹

223 3340 443 3420 (Colendorlom
455 3365 504 3408 seu
518 3347 720 3427 directorium)
733 3347 863 3426 singulis
873 3349 963 3410 annis
975 3348 1195 3427 praescribere.

224 3471 263 3487 -
275 3441 307 3499 2⁰
320 3441 434 3502 Curare
447 3449 481 3504 ut
495 3444 673 3508 functiones
698 3445 854 3523 liturgica
882 3449 968 3507 recte
981 3451 1175 3525 peragantur
1188 3467 1196 3522 3

223 3535 338 3598 abusus
353 3536 386 3597 in
401 3538 515 3599 divinis
529 3541 643 3602 ciliciis
671 3545 702 3604 et
726 3540 759 3600 in
784 3540 1058 3604 administratione
1089 3542 1199 3604 Sacra·
1234 3569 1236 3576 r
