<?xml version="1.0" encoding="UTF-8"?>
<!DOCTYPE html PUBLIC "-//W3C//DTD XHTML 1.0 Transitional//EN"
    "http://www.w3.org/TR/xhtml1/DTD/xhtml1-transitional.dtd">
<html xmlns="http://www.w3.org/1999/xhtml" xml:lang="en" lang="en">
 <head>
  <title>
</title>
<meta http-equiv="Content-Type" content="text/html;charset=utf-8" />
  <meta name='ocr-system' content='tesseract 3.04.00' />
  <meta name='ocr-capabilities' content='ocr_page ocr_carea ocr_par ocr_line ocrx_word'/>
</head>
<body>
  <div class='ocr_page' id='page_1' title='image "./expositiomethod00hugugoog_0213.png"; bbox 0 0 2630 4250; ppageno 0'>
   <div class='ocr_carea' id='block_1_1' title="bbox 238 308 1044 360">
    <p class='ocr_par' dir='ltr' id='par_1_1' title="bbox 238 308 1044 360">
     <span class='ocr_line' id='line_1_1' title="bbox 238 308 1044 360; baseline -0.001 0"><span class='ocrx_word' id='word_1_1' title='bbox 238 311 290 360; x_wconf 77' lang='lat' dir='ltr'>lte</span> <span class='ocrx_word' id='word_1_2' title='bbox 406 313 561 360; x_wconf 69' lang='lat' dir='ltr'>excestrw</span> <span class='ocrx_word' id='word_1_3' title='bbox 584 308 760 358; x_wconf 74' lang='lat' dir='ltr'>memoolclt</span> <span class='ocrx_word' id='word_1_4' title='bbox 782 314 865 358; x_wconf 76' lang='lat' dir='ltr'>touls</span> <span class='ocrx_word' id='word_1_5' title='bbox 887 313 1044 360; x_wconf 73' lang='lat' dir='ltr'>cartorum.</span> 
     </span>
    </p>
   </div>
   <div class='ocr_carea' id='block_1_2' title="bbox 157 425 1296 1882">
    <p class='ocr_par' dir='ltr' id='par_1_2' title="bbox 234 425 1220 994">
     <span class='ocr_line' id='line_1_2' title="bbox 275 425 1214 507; baseline -0.002 -17"><span class='ocrx_word' id='word_1_6' title='bbox 275 431 316 492; x_wconf 86' lang='grc' dir='ltr'>Π.</span> <span class='ocrx_word' id='word_1_7' title='bbox 342 430 402 490; x_wconf 85' lang='lat' dir='ltr'>Per</span> <span class='ocrx_word' id='word_1_8' title='bbox 422 430 592 492; x_wconf 86' lang='lat' dir='ltr'>violentem</span> <span class='ocrx_word' id='word_1_9' title='bbox 617 441 768 488; x_wconf 90' lang='lat' dir='ltr'>manuum</span> <span class='ocrx_word' id='word_1_10' title='bbox 791 425 997 506; x_wconf 80' lang='lat' dir='ltr'>inJeetionem</span> <span class='ocrx_word' id='word_1_11' title='bbox 1019 427 1214 507; x_wconf 80' lang='lat' dir='ltr'>intelligitur</span> 
     </span>
     <span class='ocr_line' id='line_1_3' title="bbox 234 523 1218 606; baseline -0.002 -18"><span class='ocrx_word' id='word_1_12' title='bbox 234 526 351 606; x_wconf 80' lang='lat' dir='ltr'>quaevis</span> <span class='ocrx_word' id='word_1_13' title='bbox 368 527 450 588; x_wconf 84' lang='lat' dir='ltr'>aetio</span> <span class='ocrx_word' id='word_1_14' title='bbox 466 533 595 589; x_wconf 85' lang='lat' dir='ltr'>externa</span> <span class='ocrx_word' id='word_1_15' title='bbox 619 523 755 604; x_wconf 86' lang='lat' dir='ltr'>graviter</span> <span class='ocrx_word' id='word_1_16' title='bbox 779 523 942 602; x_wconf 86' lang='lat' dir='ltr'>injuriosa.</span> <span class='ocrx_word' id='word_1_17' title='bbox 968 526 1106 588; x_wconf 84' lang='lat' dir='ltr'>Proinde</span> <span class='ocrx_word' id='word_1_18' title='bbox 1128 526 1218 587; x_wconf 82' lang='lat' dir='ltr'>lrane</span> 
     </span>
     <span class='ocr_line' id='line_1_4' title="bbox 235 621 1219 702; baseline 0 -16"><span class='ocrx_word' id='word_1_19' title='bbox 235 642 400 686; x_wconf 83' lang='lat' dir='ltr'><strong>censuram</strong></span> <span class='ocrx_word' id='word_1_20' title='bbox 416 625 582 688; x_wconf 88' lang='lat' dir='ltr'>incurrunt</span> <span class='ocrx_word' id='word_1_21' title='bbox 596 642 660 684; x_wconf 91' lang='lat' dir='ltr'>non</span> <span class='ocrx_word' id='word_1_22' title='bbox 675 623 779 682; x_wconf 92' lang='lat' dir='ltr'>solum</span> <span class='ocrx_word' id='word_1_23' title='bbox 801 621 824 682; x_wconf 95' lang='lat' dir='ltr'>ii</span> <span class='ocrx_word' id='word_1_24' title='bbox 848 622 902 701; x_wconf 90' lang='lat' dir='ltr'>qui</span> <span class='ocrx_word' id='word_1_25' title='bbox 923 624 1118 702; x_wconf 90' lang='lat' dir='ltr'>percutiunt,</span> <span class='ocrx_word' id='word_1_26' title='bbox 1142 624 1219 686; x_wconf 82' lang='lat' dir='ltr'>vul·</span> 
     </span>
     <span class='ocr_line' id='line_1_5' title="bbox 235 719 1220 802; baseline 0 -18"><span class='ocrx_word' id='word_1_27' title='bbox 235 727 357 798; x_wconf 83' lang='lat' dir='ltr'><strong>nerant,</strong></span> <span class='ocrx_word' id='word_1_28' title='bbox 373 725 427 784; x_wconf 92' lang='lat' dir='ltr'>sed</span> <span class='ocrx_word' id='word_1_29' title='bbox 439 724 536 786; x_wconf 87' lang='lat' dir='ltr'>etiam</span> <span class='ocrx_word' id='word_1_30' title='bbox 546 722 600 802; x_wconf 89' lang='lat' dir='ltr'>qui</span> <span class='ocrx_word' id='word_1_31' title='bbox 614 721 647 781; x_wconf 91' lang='lat' dir='ltr'>in</span> <span class='ocrx_word' id='word_1_32' title='bbox 659 719 783 782; x_wconf 83' lang='lat' dir='ltr'>vincula</span> <span class='ocrx_word' id='word_1_33' title='bbox 797 720 971 782; x_wconf 91' lang='lat' dir='ltr'>detrudunt</span> <span class='ocrx_word' id='word_1_34' title='bbox 984 727 1037 783; x_wconf 90' lang='lat' dir='ltr'>aut</span> <span class='ocrx_word' id='word_1_35' title='bbox 1055 722 1088 782; x_wconf 93' lang='lat' dir='ltr'>in</span> <span class='ocrx_word' id='word_1_36' title='bbox 1105 727 1220 784; x_wconf 88' lang='lat' dir='ltr'>eusto-</span> 
     </span>
     <span class='ocr_line' id='line_1_6' title="bbox 237 816 1216 896; baseline -0.002 -14"><span class='ocrx_word' id='word_1_37' title='bbox 237 819 289 882; x_wconf 91' lang='lat' dir='ltr'>dia</span> <span class='ocrx_word' id='word_1_38' title='bbox 309 821 456 882; x_wconf 79' lang='lat' dir='ltr'>retinent.</span> <span class='ocrx_word' id='word_1_39' title='bbox 469 823 503 882; x_wconf 91' lang='lat' dir='ltr'>ln</span> <span class='ocrx_word' id='word_1_40' title='bbox 520 820 665 881; x_wconf 90' lang='lat' dir='ltr'>eamdem</span> <span class='ocrx_word' id='word_1_41' title='bbox 690 833 817 895; x_wconf 75' lang='lat' dir='ltr'>poenam</span> <span class='ocrx_word' id='word_1_42' title='bbox 844 816 988 881; x_wconf 89' lang='lat' dir='ltr'>incidunt</span> <span class='ocrx_word' id='word_1_43' title='bbox 1010 821 1216 896; x_wconf 78' lang='lat' dir='ltr'>mandantes,</span> 
     </span>
     <span class='ocr_line' id='line_1_7' title="bbox 237 901 999 994; baseline -0.012 -12"><span class='ocrx_word' id='word_1_44' title='bbox 237 920 448 994; x_wconf 89' lang='lat' dir='ltr'>consulentes,</span> <span class='ocrx_word' id='word_1_45' title='bbox 467 918 638 980; x_wconf 84' lang='lat' dir='ltr'>efficaciter</span> <span class='ocrx_word' id='word_1_46' title='bbox 653 921 870 994; x_wconf 86' lang='lat' dir='ltr'>cooperantes.</span> <span class='ocrx_word' id='word_1_47' title='bbox 987 901 999 930; x_wconf 89' lang='lat'><strong><em>‘</em></strong></span> 
     </span>
    </p>

    <p class='ocr_par' dir='ltr' id='par_1_3' title="bbox 237 1013 1221 1191">
     <span class='ocr_line' id='line_1_8' title="bbox 276 1013 1221 1096; baseline 0.001 -21"><span class='ocrx_word' id='word_1_48' title='bbox 276 1017 473 1076; x_wconf 79' lang='lat' dir='ltr'>Excusantur</span> <span class='ocrx_word' id='word_1_49' title='bbox 488 1015 540 1094; x_wconf 92' lang='lat' dir='ltr'>qui</span> <span class='ocrx_word' id='word_1_50' title='bbox 557 1015 709 1096; x_wconf 88' lang='lat' dir='ltr'>violentas</span> <span class='ocrx_word' id='word_1_51' title='bbox 725 1029 835 1072; x_wconf 88' lang='lat' dir='ltr'>manus</span> <span class='ocrx_word' id='word_1_52' title='bbox 850 1013 998 1092; x_wconf 88' lang='lat' dir='ltr'>injiciunt</span> <span class='ocrx_word' id='word_1_53' title='bbox 1009 1031 1046 1075; x_wconf 87' lang='lat' dir='ltr'>ex</span> <span class='ocrx_word' id='word_1_54' title='bbox 1063 1015 1221 1094; x_wconf 79' lang='lat' dir='ltr'>ignoran-</span> 
     </span>
     <span class='ocr_line' id='line_1_9' title="bbox 237 1111 1214 1191; baseline 0.003 -16"><span class='ocrx_word' id='word_1_55' title='bbox 237 1113 291 1186; x_wconf 87' lang='lat' dir='ltr'>tia,</span> <span class='ocrx_word' id='word_1_56' title='bbox 308 1114 353 1174; x_wconf 91' lang='lat' dir='ltr'>vel</span> <span class='ocrx_word' id='word_1_57' title='bbox 364 1115 403 1174; x_wconf 93' lang='lat' dir='ltr'>ad</span> <span class='ocrx_word' id='word_1_58' title='bbox 420 1114 466 1173; x_wconf 94' lang='lat' dir='ltr'>sui</span> <span class='ocrx_word' id='word_1_59' title='bbox 478 1113 705 1186; x_wconf 79' lang='lat' dir='ltr'>defensionem,</span> <span class='ocrx_word' id='word_1_60' title='bbox 725 1111 774 1171; x_wconf 87' lang='lat' dir='ltr'>vel</span> <span class='ocrx_word' id='word_1_61' title='bbox 787 1111 920 1172; x_wconf 90' lang='lat' dir='ltr'>levitatis</span> <span class='ocrx_word' id='word_1_62' title='bbox 935 1117 988 1172; x_wconf 88' lang='lat' dir='ltr'>aut</span> <span class='ocrx_word' id='word_1_63' title='bbox 1012 1113 1078 1191; x_wconf 91' lang='lat' dir='ltr'>joci</span> <span class='ocrx_word' id='word_1_64' title='bbox 1100 1130 1214 1178; x_wconf 87' lang='lat' dir='ltr'>causa.</span> 
     </span>
    </p>

    <p class='ocr_par' dir='ltr' id='par_1_4' title="bbox 157 1208 1296 1582">
     <span class='ocr_line' id='line_1_10' title="bbox 277 1208 1221 1290; baseline 0 -20"><span class='ocrx_word' id='word_1_65' title='bbox 277 1211 329 1271; x_wconf 82' lang='grc' dir='ltr'><strong>ΙΙΙ.</strong></span> <span class='ocrx_word' id='word_1_66' title='bbox 357 1213 452 1271; x_wconf 84' lang='lat' dir='ltr'>Poeua</span> <span class='ocrx_word' id='word_1_67' title='bbox 474 1211 507 1270; x_wconf 93' lang='lat' dir='ltr'>in</span> <span class='ocrx_word' id='word_1_68' title='bbox 528 1209 720 1272; x_wconf 89' lang='lat' dir='ltr'>elericorum</span> <span class='ocrx_word' id='word_1_69' title='bbox 740 1223 942 1286; x_wconf 83' lang='lat' dir='ltr'>percussores</span> <span class='ocrx_word' id='word_1_70' title='bbox 968 1208 1088 1270; x_wconf 77' lang='lat' dir='ltr'>inflicta</span> <span class='ocrx_word' id='word_1_71' title='bbox 1107 1211 1221 1290; x_wconf 91' lang='lat' dir='ltr'>dupli·</span> 
     </span>
     <span class='ocr_line' id='line_1_11' title="bbox 239 1305 1296 1386; baseline 0.001 -16"><span class='ocrx_word' id='word_1_72' title='bbox 239 1324 308 1378; x_wconf 83' lang='lat' dir='ltr'>cem</span> <span class='ocrx_word' id='word_1_73' title='bbox 321 1307 469 1369; x_wconf 85' lang='lat' dir='ltr'>ellectum</span> <span class='ocrx_word' id='word_1_74' title='bbox 483 1307 642 1386; x_wconf 81' lang='lat' dir='ltr'>producit.</span> <span class='ocrx_word' id='word_1_75' title='bbox 652 1305 741 1367; x_wconf 82' lang='lat' dir='ltr'>Alter</span> <span class='ocrx_word' id='word_1_76' title='bbox 752 1309 799 1365; x_wconf 90' lang='lat' dir='ltr'>est</span> <span class='ocrx_word' id='word_1_77' title='bbox 809 1305 1109 1368; x_wconf 85' lang='lat' dir='ltr'>excommunicatio.</span> <span class='ocrx_word' id='word_1_78' title='bbox 1125 1309 1219 1370; x_wconf 87' lang='lat' dir='ltr'>Alter</span> <span class='ocrx_word' id='word_1_79' title='bbox 1288 1363 1296 1371; x_wconf 86' lang='grc'><em>,</em></span> 
     </span>
     <span class='ocr_line' id='line_1_12' title="bbox 157 1403 1284 1485; baseline 0.004 -21"><span class='ocrx_word' id='word_1_80' title='bbox 157 1457 165 1478; x_wconf 86' lang='lat'>,</span> <span class='ocrx_word' id='word_1_81' title='bbox 239 1405 379 1480; x_wconf 88' lang='lat' dir='ltr'>ellectus,</span> <span class='ocrx_word' id='word_1_82' title='bbox 403 1405 518 1485; x_wconf 89' lang='lat' dir='ltr'>inipso</span> <span class='ocrx_word' id='word_1_83' title='bbox 534 1421 654 1466; x_wconf 88' lang='lat' dir='ltr'>canone</span> <span class='ocrx_word' id='word_1_84' title='bbox 669 1419 847 1482; x_wconf 80' lang='lat' dir='ltr'>expressus,</span> <span class='ocrx_word' id='word_1_85' title='bbox 875 1403 907 1463; x_wconf 92' lang='lat' dir='ltr'>in</span> <span class='ocrx_word' id='word_1_86' title='bbox 932 1421 969 1464; x_wconf 90' lang='lat' dir='ltr'>eo</span> <span class='ocrx_word' id='word_1_87' title='bbox 992 1404 1151 1480; x_wconf 88' lang='lat' dir='ltr'>consistit,</span> <span class='ocrx_word' id='word_1_88' title='bbox 1180 1412 1219 1469; x_wconf 93' lang='lat' dir='ltr'>ut</span> <span class='ocrx_word' id='word_1_89' title='bbox 1281 1423 1284 1430; x_wconf 84' lang='lat'>·</span> 
     </span>
     <span class='ocr_line' id='line_1_13' title="bbox 239 1503 1132 1582; baseline 0 -19"><span class='ocrx_word' id='word_1_90' title='bbox 239 1520 333 1564; x_wconf 92' lang='lat' dir='ltr'>nemo</span> <span class='ocrx_word' id='word_1_91' title='bbox 347 1504 446 1582; x_wconf 90' lang='lat' dir='ltr'>possit</span> <span class='ocrx_word' id='word_1_92' title='bbox 458 1503 497 1564; x_wconf 93' lang='lat' dir='ltr'>ab</span> <span class='ocrx_word' id='word_1_93' title='bbox 512 1521 547 1564; x_wconf 90' lang='lat' dir='ltr'>ea</span> <span class='ocrx_word' id='word_1_94' title='bbox 559 1503 732 1576; x_wconf 82' lang='lat' dir='ltr'>absolvere,</span> <span class='ocrx_word' id='word_1_95' title='bbox 744 1503 805 1562; x_wconf 91' lang='lat' dir='ltr'>nisi</span> <span class='ocrx_word' id='word_1_96' title='bbox 816 1503 967 1564; x_wconf 91' lang='lat' dir='ltr'>Summus</span> <span class='ocrx_word' id='word_1_97' title='bbox 975 1503 1132 1563; x_wconf 81' lang='lat' dir='ltr'>Pontifex.</span> 
     </span>
    </p>

    <p class='ocr_par' dir='ltr' id='par_1_5' title="bbox 175 1599 1219 1882">
     <span class='ocr_line' id='line_1_14' title="bbox 279 1599 1217 1677; baseline -0.002 -15"><span class='ocrx_word' id='word_1_98' title='bbox 279 1603 413 1662; x_wconf 87' lang='lat' dir='ltr'>Romam</span> <span class='ocrx_word' id='word_1_99' title='bbox 429 1619 595 1664; x_wconf 86' lang='lat' dir='ltr'>excurrere</span> <span class='ocrx_word' id='word_1_100' title='bbox 621 1618 685 1662; x_wconf 91' lang='lat' dir='ltr'>non</span> <span class='ocrx_word' id='word_1_101' title='bbox 710 1605 860 1677; x_wconf 81' lang='lat' dir='ltr'>tenentur</span> <span class='ocrx_word' id='word_1_102' title='bbox 882 1600 914 1659; x_wconf 92' lang='lat' dir='ltr'>in</span> <span class='ocrx_word' id='word_1_103' title='bbox 944 1600 1051 1660; x_wconf 92' lang='lat' dir='ltr'>multis</span> <span class='ocrx_word' id='word_1_104' title='bbox 1075 1599 1217 1677; x_wconf 87' lang='lat' dir='ltr'>casibus,</span> 
     </span>
     <span class='ocr_line' id='line_1_15' title="bbox 239 1699 1219 1779; baseline 0.002 -21"><span class='ocrx_word' id='word_1_105' title='bbox 239 1718 270 1760; x_wconf 86' lang='lat' dir='ltr'>v.</span> <span class='ocrx_word' id='word_1_106' title='bbox 290 1718 319 1778; x_wconf 84' lang='lat' dir='ltr'>g.</span> <span class='ocrx_word' id='word_1_107' title='bbox 337 1701 363 1760; x_wconf 94' lang='lat' dir='ltr'>si</span> <span class='ocrx_word' id='word_1_108' title='bbox 377 1701 538 1779; x_wconf 91' lang='lat' dir='ltr'>percussio</span> <span class='ocrx_word' id='word_1_109' title='bbox 551 1719 616 1763; x_wconf 91' lang='lat' dir='ltr'>non</span> <span class='ocrx_word' id='word_1_110' title='bbox 631 1699 727 1760; x_wconf 89' lang='lat' dir='ltr'>luerit</span> <span class='ocrx_word' id='word_1_111' title='bbox 740 1699 888 1775; x_wconf 89' lang='lat' dir='ltr'>enormis,</span> <span class='ocrx_word' id='word_1_112' title='bbox 904 1700 953 1761; x_wconf 90' lang='lat' dir='ltr'>vel</span> <span class='ocrx_word' id='word_1_113' title='bbox 966 1699 992 1760; x_wconf 89' lang='lat' dir='ltr'>si</span> <span class='ocrx_word' id='word_1_114' title='bbox 1011 1715 1219 1778; x_wconf 88' lang='lat' dir='ltr'>percussores</span> 
     </span>
     <span class='ocr_line' id='line_1_16' title="bbox 175 1792 801 1882; baseline 0.01 -30"><span class='ocrx_word' id='word_1_115' title='bbox 175 1877 178 1882; x_wconf 20' lang='grc'>1</span> <span class='ocrx_word' id='word_1_116' title='bbox 240 1792 302 1854; x_wconf 86' lang='lat' dir='ltr'>sint</span> <span class='ocrx_word' id='word_1_117' title='bbox 315 1795 476 1871; x_wconf 90' lang='lat' dir='ltr'>mulieres,</span> <span class='ocrx_word' id='word_1_118' title='bbox 492 1797 620 1871; x_wconf 86' lang='lat' dir='ltr'>infirmi,</span> <span class='ocrx_word' id='word_1_119' title='bbox 638 1813 801 1875; x_wconf 75' lang='lat' dir='ltr'>pauperes,</span> 
     </span>
    </p>
   </div>
   <div class='ocr_carea' id='block_1_3' title="bbox 465 1992 988 2060">
    <p class='ocr_par' dir='ltr' id='par_1_6' title="bbox 465 1992 988 2060">
     <span class='ocr_line' id='line_1_17' title="bbox 465 1992 988 2060; baseline 0.011 -16"><span class='ocrx_word' id='word_1_120' title='bbox 465 1992 480 2056; x_wconf 65' lang='grc' dir='ltr'>ᾖ</span> <span class='ocrx_word' id='word_1_121' title='bbox 498 1992 523 2046; x_wconf 82' lang='lat'>2.</span> <span class='ocrx_word' id='word_1_122' title='bbox 540 2019 567 2030; x_wconf 87' lang='lat'>·-</span> <span class='ocrx_word' id='word_1_123' title='bbox 586 1992 749 2046; x_wconf 82' lang='lat' dir='ltr'>Immnnitas</span> <span class='ocrx_word' id='word_1_124' title='bbox 764 1994 930 2048; x_wconf 86' lang='lat' dir='ltr'>clericorum</span> <span class='ocrx_word' id='word_1_125' title='bbox 943 1998 988 2060; x_wconf 85' lang='lat' dir='ltr'>(t).</span> 
     </span>
    </p>
   </div>
   <div class='ocr_carea' id='block_1_4' title="bbox 281 2145 1222 2224">
    <p class='ocr_par' dir='ltr' id='par_1_7' title="bbox 281 2145 1222 2224">
     <span class='ocr_line' id='line_1_18' title="bbox 281 2145 1222 2224; baseline 0 -17"><span class='ocrx_word' id='word_1_126' title='bbox 281 2146 466 2207; x_wconf 89' lang='lat' dir='ltr'>Immunitas</span> <span class='ocrx_word' id='word_1_127' title='bbox 481 2145 672 2207; x_wconf 90' lang='lat' dir='ltr'>clericorum</span> <span class='ocrx_word' id='word_1_128' title='bbox 688 2151 735 2206; x_wconf 92' lang='lat' dir='ltr'>est</span> <span class='ocrx_word' id='word_1_129' title='bbox 748 2145 801 2224; x_wconf 88' lang='lat' dir='ltr'>jus</span> <span class='ocrx_word' id='word_1_130' title='bbox 817 2163 880 2223; x_wconf 92' lang='lat' dir='ltr'>quo</span> <span class='ocrx_word' id='word_1_131' title='bbox 893 2163 1036 2224; x_wconf 77' lang='lat' dir='ltr'>personae</span> <span class='ocrx_word' id='word_1_132' title='bbox 1050 2148 1222 2208; x_wconf 88' lang='lat' dir='ltr'>ecclesias-</span> 
     </span>
    </p>
   </div>
   <div class='ocr_carea' id='block_1_5' title="bbox 241 2241 1223 2518">
    <p class='ocr_par' dir='ltr' id='par_1_8' title="bbox 241 2241 1223 2518">
     <span class='ocr_line' id='line_1_19' title="bbox 241 2241 1222 2325; baseline 0.002 -19"><span class='ocrx_word' id='word_1_133' title='bbox 241 2245 312 2306; x_wconf 86' lang='lat' dir='ltr'>ticae</span> <span class='ocrx_word' id='word_1_134' title='bbox 327 2245 538 2306; x_wconf 81' lang='lat' dir='ltr'>eximuntura</span> <span class='ocrx_word' id='word_1_135' title='bbox 566 2241 757 2323; x_wconf 87' lang='lat' dir='ltr'>quibusdam</span> <span class='ocrx_word' id='word_1_136' title='bbox 786 2243 935 2306; x_wconf 89' lang='lat' dir='ltr'>oneribus</span> <span class='ocrx_word' id='word_1_137' title='bbox 959 2243 1074 2324; x_wconf 87' lang='lat' dir='ltr'>quibus</span> <span class='ocrx_word' id='word_1_138' title='bbox 1094 2246 1222 2325; x_wconf 87' lang='lat' dir='ltr'>reliqua</span> 
     </span>
     <span class='ocr_line' id='line_1_20' title="bbox 242 2340 556 2420; baseline -0.006 -20"><span class='ocrx_word' id='word_1_139' title='bbox 242 2342 375 2402; x_wconf 83' lang='lat' dir='ltr'>societas</span> <span class='ocrx_word' id='word_1_140' title='bbox 388 2340 556 2420; x_wconf 86' lang='lat' dir='ltr'>premitur.</span> 
     </span>
     <span class='ocr_line' id='line_1_21' title="bbox 282 2437 1223 2518; baseline 0.003 -19"><span class='ocrx_word' id='word_1_141' title='bbox 282 2441 403 2501; x_wconf 81' lang='lat' dir='ltr'>Preeter</span> <span class='ocrx_word' id='word_1_142' title='bbox 418 2437 652 2499; x_wconf 83' lang='lat' dir='ltr'>immunitatem</span> <span class='ocrx_word' id='word_1_143' title='bbox 668 2438 859 2518; x_wconf 82' lang='lat' dir='ltr'>personalem,</span> <span class='ocrx_word' id='word_1_144' title='bbox 882 2438 1086 2518; x_wconf 85' lang='lat' dir='ltr'>distinguitur</span> <span class='ocrx_word' id='word_1_145' title='bbox 1101 2439 1223 2502; x_wconf 90' lang='lat' dir='ltr'>immu-</span> 
     </span>
    </p>
   </div>
   <div class='ocr_carea' id='block_1_6' title="bbox 144 2535 1002 2618">
    <p class='ocr_par' dir='ltr' id='par_1_9' title="bbox 144 2535 1002 2618">
     <span class='ocr_line' id='line_1_22' title="bbox 144 2535 1002 2618; baseline 0.003 -21"><span class='ocrx_word' id='word_1_146' title='bbox 144 2611 145 2614; x_wconf 8' lang='grc' dir='ltr'><strong>Ἴ</strong></span> <span class='ocrx_word' id='word_1_147' title='bbox 243 2540 323 2598; x_wconf 87' lang='lat' dir='ltr'>uitas</span> <span class='ocrx_word' id='word_1_148' title='bbox 339 2537 440 2597; x_wconf 81' lang='lat' dir='ltr'>loculis</span> <span class='ocrx_word' id='word_1_149' title='bbox 455 2542 486 2597; x_wconf 91' lang='lat' dir='ltr'>et</span> <span class='ocrx_word' id='word_1_150' title='bbox 498 2535 595 2612; x_wconf 81' lang='lat' dir='ltr'>realis,</span> <span class='ocrx_word' id='word_1_151' title='bbox 614 2537 653 2596; x_wconf 92' lang='lat' dir='ltr'>de</span> <span class='ocrx_word' id='word_1_152' title='bbox 671 2553 731 2616; x_wconf 88' lang='lat' dir='ltr'>qua</span> <span class='ocrx_word' id='word_1_153' title='bbox 744 2536 797 2598; x_wconf 90' lang='lat' dir='ltr'>hic</span> <span class='ocrx_word' id='word_1_154' title='bbox 810 2553 875 2598; x_wconf 89' lang='lat' dir='ltr'>non</span> <span class='ocrx_word' id='word_1_155' title='bbox 888 2537 1002 2618; x_wconf 82' lang='lat' dir='ltr'>agitur.</span> 
     </span>
    </p>
   </div>
   <div class='ocr_carea' id='block_1_7' title="bbox 282 2635 685 2712">
    <p class='ocr_par' dir='ltr' id='par_1_10' title="bbox 282 2635 685 2712">
     <span class='ocr_line' id='line_1_23' title="bbox 282 2635 685 2712; baseline -0.005 -16"><span class='ocrx_word' id='word_1_156' title='bbox 282 2637 350 2696; x_wconf 88' lang='lat' dir='ltr'>Duo</span> <span class='ocrx_word' id='word_1_157' title='bbox 364 2639 437 2695; x_wconf 89' lang='lat' dir='ltr'>sunt</span> <span class='ocrx_word' id='word_1_158' title='bbox 451 2635 661 2712; x_wconf 85' lang='lat' dir='ltr'>expendenda</span> <span class='ocrx_word' id='word_1_159' title='bbox 678 2653 685 2694; x_wconf 92' lang='lat'>:</span> 
     </span>
    </p>
   </div>
   <div class='ocr_carea' id='block_1_8' title="bbox 278 2743 1007 2925">
    <p class='ocr_par' dir='ltr' id='par_1_11' title="bbox 278 2743 1007 2925">
     <span class='ocr_line' id='line_1_24' title="bbox 280 2743 1007 2840; baseline -0.001 -16"><span class='ocrx_word' id='word_1_160' title='bbox 280 2774 308 2825; x_wconf 89' lang='lat' dir='ltr'>l.</span> <span class='ocrx_word' id='word_1_161' title='bbox 327 2769 359 2824; x_wconf 92' lang='lat' dir='ltr'>ln</span> <span class='ocrx_word' id='word_1_162' title='bbox 373 2783 431 2840; x_wconf 89' lang='lat' dir='ltr'>quo</span> <span class='ocrx_word' id='word_1_163' title='bbox 446 2767 581 2824; x_wconf 84' lang='lat' dir='ltr'>consistat</span> <span class='ocrx_word' id='word_1_164' title='bbox 594 2766 764 2824; x_wconf 84' lang='lat' dir='ltr'>immunitus</span> <span class='ocrx_word' id='word_1_165' title='bbox 780 2766 949 2840; x_wconf 81' lang='lat' dir='ltr'>personalis.</span> <span class='ocrx_word' id='word_1_166' title='bbox 1005 2743 1007 2748; x_wconf 23' lang='grc' dir='ltr'>Ι</span> 
     </span>
     <span class='ocr_line' id='line_1_25' title="bbox 278 2854 701 2925; baseline -0.002 -12"><span class='ocrx_word' id='word_1_167' title='bbox 278 2861 308 2913; x_wconf 79' lang='lat'>2.</span> <span class='ocrx_word' id='word_1_168' title='bbox 326 2857 462 2925; x_wconf 82' lang='lat' dir='ltr'>Quojure</span> <span class='ocrx_word' id='word_1_169' title='bbox 473 2854 641 2912; x_wconf 87' lang='lat' dir='ltr'>introducta</span> <span class='ocrx_word' id='word_1_170' title='bbox 654 2855 701 2912; x_wconf 86' lang='lat' dir='ltr'>sit.</span> 
     </span>
    </p>
   </div>
   <div class='ocr_carea' id='block_1_9' title="bbox 347 3051 1127 3112">
    <p class='ocr_par' dir='ltr' id='par_1_12' title="bbox 347 3051 1127 3112">
     <span class='ocr_line' id='line_1_26' title="bbox 347 3051 1127 3112; baseline 0.004 -13"><span class='ocrx_word' id='word_1_171' title='bbox 347 3051 460 3110; x_wconf 67' lang='lat' dir='ltr'>Qosssrto</span> <span class='ocrx_word' id='word_1_172' title='bbox 477 3054 509 3102; x_wconf 81' lang='lat'>1¹.</span> <span class='ocrx_word' id='word_1_173' title='bbox 521 3063 591 3101; x_wconf 84' lang='lat' dir='ltr'>-1lt</span> <span class='ocrx_word' id='word_1_174' title='bbox 605 3063 654 3108; x_wconf 79' lang='grc' dir='ltr'>0ῦο</span> <span class='ocrx_word' id='word_1_175' title='bbox 663 3064 795 3112; x_wconf 70' lang='lat' dir='ltr'>colestem</span> <span class='ocrx_word' id='word_1_176' title='bbox 807 3062 945 3102; x_wconf 69' lang='lat' dir='ltr'>mulum</span> <span class='ocrx_word' id='word_1_177' title='bbox 958 3062 1127 3102; x_wconf 69' lang='lat' dir='ltr'>cumeorum</span> 
     </span>
    </p>
   </div>
   <div class='ocr_carea' id='block_1_10' title="bbox 246 3201 1227 3479">
    <p class='ocr_par' dir='ltr' id='par_1_13' title="bbox 246 3201 1227 3479">
     <span class='ocr_line' id='line_1_27' title="bbox 285 3201 1227 3282; baseline -0.002 -18"><span class='ocrx_word' id='word_1_178' title='bbox 285 3201 472 3265; x_wconf 89' lang='lat' dir='ltr'>Immunitas</span> <span class='ocrx_word' id='word_1_179' title='bbox 489 3207 613 3266; x_wconf 91' lang='lat' dir='ltr'>constat</span> <span class='ocrx_word' id='word_1_180' title='bbox 619 3203 691 3282; x_wconf 86' lang='lat' dir='ltr'>jure</span> <span class='ocrx_word' id='word_1_181' title='bbox 701 3203 942 3278; x_wconf 83' lang='lat' dir='ltr'>fundamentali,</span> <span class='ocrx_word' id='word_1_182' title='bbox 958 3218 996 3264; x_wconf 90' lang='lat' dir='ltr'>ac</span> <span class='ocrx_word' id='word_1_183' title='bbox 1018 3202 1111 3265; x_wconf 87' lang='lat' dir='ltr'>variis</span> <span class='ocrx_word' id='word_1_184' title='bbox 1125 3201 1227 3282; x_wconf 88' lang='lat' dir='ltr'>priri-</span> 
     </span>
     <span class='ocr_line' id='line_1_28' title="bbox 246 3299 769 3380; baseline 0.008 -21"><span class='ocrx_word' id='word_1_185' title='bbox 246 3299 337 3378; x_wconf 79' lang='lat' dir='ltr'>legiis</span> <span class='ocrx_word' id='word_1_186' title='bbox 349 3317 485 3378; x_wconf 91' lang='lat' dir='ltr'>quorum</span> <span class='ocrx_word' id='word_1_187' title='bbox 499 3300 661 3380; x_wconf 82' lang='lat' dir='ltr'>praecipua</span> <span class='ocrx_word' id='word_1_188' title='bbox 675 3306 748 3362; x_wconf 91' lang='lat' dir='ltr'>sunt</span> <span class='ocrx_word' id='word_1_189' title='bbox 762 3319 769 3364; x_wconf 93' lang='lat'><strong>:</strong></span> 
     </span>
     <span class='ocr_line' id='line_1_29' title="bbox 287 3395 1225 3479; baseline -0.002 -20"><span class='ocrx_word' id='word_1_190' title='bbox 287 3397 311 3459; x_wconf 90' lang='lat' dir='ltr'>I.</span> <span class='ocrx_word' id='word_1_191' title='bbox 325 3396 518 3478; x_wconf 75' lang='lat' dir='ltr'>Prieilepe&#39;urn</span> <span class='ocrx_word' id='word_1_192' title='bbox 540 3398 737 3476; x_wconf 81' lang='lat' dir='ltr'>servitiorum,</span> <span class='ocrx_word' id='word_1_193' title='bbox 766 3415 830 3479; x_wconf 91' lang='lat' dir='ltr'>quo</span> <span class='ocrx_word' id='word_1_194' title='bbox 845 3397 954 3461; x_wconf 87' lang='lat' dir='ltr'>clerici</span> <span class='ocrx_word' id='word_1_195' title='bbox 979 3395 1163 3459; x_wconf 87' lang='lat' dir='ltr'>eximuntur</span> <span class='ocrx_word' id='word_1_196' title='bbox 1185 3395 1225 3457; x_wconf 89' lang='lat' dir='ltr'>ab</span> 
     </span>
    </p>
   </div>
   <div class='ocr_carea' id='block_1_11' title="bbox 249 3569 1229 3708">
    <p class='ocr_par' dir='ltr' id='par_1_14' title="bbox 249 3569 1229 3708">
     <span class='ocr_line' id='line_1_30' title="bbox 279 3569 1229 3644; baseline 0.001 -21"><span class='ocrx_word' id='word_1_197' title='bbox 279 3572 315 3639; x_wconf 87' lang='lat'>(1)</span> <span class='ocrx_word' id='word_1_198' title='bbox 325 3571 496 3623; x_wconf 79' lang='lat' dir='ltr'>Deeretolr&#39;um</span> <span class='ocrx_word' id='word_1_199' title='bbox 509 3573 556 3626; x_wconf 85' lang='lat' dir='ltr'>lib.</span> <span class='ocrx_word' id='word_1_200' title='bbox 568 3571 650 3639; x_wconf 74' lang='lat' dir='ltr'>11,tit;</span> <span class='ocrx_word' id='word_1_201' title='bbox 663 3587 694 3640; x_wconf 84' lang='lat'>11,</span> <span class='ocrx_word' id='word_1_202' title='bbox 711 3577 746 3628; x_wconf 80' lang='lat' dir='ltr'>De</span> <span class='ocrx_word' id='word_1_203' title='bbox 754 3576 814 3644; x_wconf 75' lang='lat' dir='ltr'>[oro</span> <span class='ocrx_word' id='word_1_204' title='bbox 830 3573 985 3644; x_wconf 78' lang='lat' dir='ltr'>competenti,</span> <span class='ocrx_word' id='word_1_205' title='bbox 996 3571 1042 3630; x_wconf 78' lang='lat' dir='ltr'>tib.</span> <span class='ocrx_word' id='word_1_206' title='bbox 1052 3569 1095 3636; x_wconf 88' lang='lat'>111,</span> <span class='ocrx_word' id='word_1_207' title='bbox 1107 3569 1147 3624; x_wconf 79' lang='lat' dir='ltr'>att.</span> <span class='ocrx_word' id='word_1_208' title='bbox 1158 3583 1229 3636; x_wconf 79' lang='lat' dir='ltr'>xux,</span> 
     </span>
     <span class='ocr_line' id='line_1_31' title="bbox 249 3653 466 3708; baseline -0.009 -4"><span class='ocrx_word' id='word_1_209' title='bbox 249 3653 281 3706; x_wconf 85' lang='lat' dir='ltr'>de</span> <span class='ocrx_word' id='word_1_210' title='bbox 293 3654 466 3708; x_wconf 77' lang='lat' dir='ltr'>immunitate.</span> 
     </span>
    </p>
   </div>
   <div class='ocr_carea' id='block_1_12' title="bbox 0 0 1336 4250">
    <p class='ocr_par' dir='ltr' id='par_1_15' title="bbox 0 0 1336 4250">
     <span class='ocr_line' id='line_1_32' title="bbox 0 0 1336 4250; baseline 0 0"><span class='ocrx_word' id='word_1_211' title='bbox 0 0 1336 4250; x_wconf 95' lang='lat' dir='ltr'> </span> 
     </span>
    </p>
   </div>
  </div>
 </body>
</html>
