2588 4272
266 259 317 308 ιιι
425 261 584 308 sxrosrrro
603 247 780 306 ancnonrcn
801 257 883 306 sums
905 255 1060 304 ennonrcr.

692 444 766 484 DEGAS
782 445 809 483 11

340 575 393 637 XI
410 575 489 638 Cum
510 573 558 636 sin
560 573 757 654 tpartium
746 591 818 654 Jura
832 573 977 648 obseura,
994 588 1050 634 reo
1072 543 1256 634 favendum
1255 521 1256 538 χ

445 675 492 731 est
505 675 561 749 pot
562 669 621 743 ius,
639 685 735 748 quarn
753 668 864 731 actori.

326 767 392 828 XII.
408 766 834 846 lnjndicIIsnonestaccept'
827 761 1236 844 ropersonarumhabenda.

313 866 394 926 Xlll.
408 865 587 942 Ignorantia
602 864 688 938 tacti,
704 881 769 925 non
780 863 860 943 juris
878 868 1016 925 excusat.

275 981 276 984 ’
314 965 394 1044 XIV.
410 965 488 1026 Cum
504 963 574 1042 quis
587 963 619 1024 in
634 963 685 1042 jus
705 962 847 1024 succedit
861 961 1032 1037 alterius
1020 981 1071 1042 Jus
1073 965 1142 1024 tam
1159 960 1238 1041 igno

447 1061 557 1122 rantiae
570 1078 697 1123 causam
710 1066 856 1123 censetur
869 1059 998 1122 habere.

329 1161 395 1223 XV.
410 1160 489 1222 Odia
500 1159 645 1238 restringi
658 1166 690 1220 et
702 1159 983 1221 favoresconvenit
995 1155 1157 1237 ampliari.

312 1259 393 1322 XVI.
408 1260 506 1320 Decet
532 1275 718 1320 concessum
742 1275 761 1318 a
789 1257 938 1338 Principe
962 1243 1157 1319 beneficium
1180 1272 1256 1317 esse.

448 1373 644 1418 mansurum.

295 1455 389 1516 XVll.
407 1455 570 1516 indultum
591 1471 609 1514 a
619 1455 690 1534 jure
706 1452 896 1516 beneficium
911 1469 975 1515 non
989 1457 1037 1516 est
1051 1451 1150 1516 alicui
1163 1451 1240 1513 aule·

449 1553 597 1616 rendum.

280 1652 390 1716 XVlll.
407 1653 752 1714 Nonfirmaturtractu
731 1650 934 1730 utemporis,
958 1649 1044 1729 quod
1067 1649 1139 1710 de
1127 1663 1196 1730 Jure
1207 1644 1238 1706 ab

448 1749 540 1812 Initio
553 1768 621 1812 non
631 1749 786 1812 subsistit.

301 1842 383 1905 XIX.
399 1843 469 1904 Non
485 1843 612 1905 estsine
628 1845 732 1922 culpa,
749 1842 803 1921 qui
813 1841 870 1918 rei,
885 1860 955 1921 quae
969 1843 1008 1903 ad
1022 1857 1096 1904 eum
1108 1856 1239 1919 nonper-

449 1941 540 2013 ιιιιθι,
556 1958 589 2002 se
603 1940 774 2002 immiscet.

313 2039 380 2098 XX.
397 2038 507 2100 Nullus
520 2037 664 2118 pluribus
680 2037 727 2100 uti
749 2038 984 2100 defensionibus
998 2037 1195 2119 prohibetur.

693 2221 767 2261 DBGAS
783 2224 824 2260 ιιι.

312 2339 392 2415 XXI.
408 2350 498 2425 Quod
522 2349 618 2415 semel
634 2353 763 2432 placuit,
781 2352 917 2434 amplius
932 2351 1102 2434 displicere
1116 2371 1180 2417 non
1191 2370 1243 2432 po-

301 2530 394 2610 XXll.
412 2455 593 2612 Notrffsbebet
606 2535 725 2630 aliquis
734 2547 863 2611 alterius
879 2549 952 2612 odio
966 2551 1168 2630 praegravari.
1255 2607 1256 2620 ,

290 2649 398 2709 XXIII.
415 2647 489 2709 Sine
503 2649 607 2726 culpa,
623 2647 684 2708 nisi
701 2647 802 2710 subsit
815 2665 919 2730 causa,
933 2665 997 2710 non
1012 2654 1060 2711 est
1071 2648 1185 2730 aliquis
1193 2665 1244 2727 pu-

454 2745 603 2808 niendus.

97 2823 98 2826 ¹
204 2914 206 2918 ¹
288 2843 396 2906 XXIV.
413 2842 503 2914 Quod
515 2842 586 2922 quis
597 2843 830 2906 mandatelaoit
838 2843 966 2923 judicis,
984 2845 1059 2908 dolo
1071 2845 1175 2908 lacere
1188 2857 1256 2905 non*

454 2941 592 3018 videtur,
611 2959 685 3004 oum
699 2941 815 3004 babeat
826 2961 936 3022 parere
946 2961 1086 3008 necesse.

305 3035 398 3102 XXV.
415 3037 502 3101 Mora
515 3057 570 3100 sua
589 3039 722 3102 cuilibet
736 3045 783 3102 est
795 3040 920 3102 nociva.

287 3135 396 3198 XXVI.
414 3135 458 3196 Ea
480 3153 551 3214 quae
566 3135 676 3196 fiunta
688 3135 808 3215 judice,
832 3135 858 3196 si
881 3129 921 3196 ad
938 3136 1005 3218 ejus
1027 3157 1091 3202 non
1111 3141 1256 3220 spectant

456 3232 608 3308 officium,
628 3231 746 3294 viribus
762 3251 827 3294 non
841 3232 1024 3300 subsistunt.

278 3329 401 3394 XXVII.
418 3329 551 3406 Scienti,
577 3336 609 3394 et
624 3331 839 3394 consentienti
862 3351 927 3395 non
946 3337 981 3398 ιιι
1007 3336 1131 3416 injurie,
1151 3349 1246 3414 neque

459 3429 561 3490 dolus.
1255 3481 1256 3486 ι

280 3525 408 3590 XXVIII.
422 3523 496 3598 Quae
521 3543 540 3587 a
562 3525 633 3606 jure
660 3527 824 3590 communi
843 3527 1041 3608 exorbitant,
1069 3531 1111 3592 ad
1146 3547 1246 3597 conse·

498 3625 661 3702 quentiam
671 3644 737 3687 non
750 3624 826 3690 sunt'
835 3627 997 3690 trahenda.
