2630 4250
192 289 247 335 Ei!
364 285 520 332 axrcsmlc
542 281 721 330 ubuncutca
743 281 826 327 sums
849 279 1006 328 cunctum.

194 408 318 470 ciorum
332 405 454 465 fructus
466 407 612 480 tempore
626 397 798 460 vacationis
811 396 1027 459 obvenientes.
1038 425 1078 444 -
1099 395 1177 456 Jur'e

191 513 370 566 cunctorum
386 500 448 560 illis
464 497 662 561 tribuebatur
676 494 812 556 dimidia
822 511 894 573 pars
905 493 1066 555 redituum
1078 493 1177 554 unius

192 603 267 664 anni
279 618 317 663 ex
331 597 495 661 beneflciis
514 593 691 657 minoribus
707 611 779 672 qum
793 598 881 654 extra
907 591 1131 654 consistorium
1157 608 1177 652 a

192 701 282 776 Papa
292 677 513 758 conteruntr'rr.

230 800 263 856 20
275 791 569 855 Subsidiobodtemc.
585 821 625 836 -
636 788 767 851 Servitia
779 789 941 851 communio
951 789 1179 868 persolvuntur

192 893 295 955 Curiae
322 895 475 953 Romanu
502 908 540 953 ex
555 889 698 951 ecclesiis
722 869 959 983 cathedralibus
980 892 1012 948 et
1032 885 1171 948 abbatiis

192 987 476 1050 consistoriatibus.
494 986 575 1047 lllud
590 990 777 1047 ennatarum
797 1001 894 1063 genus
912 983 1068 1062 originem
1083 983 1173 1046 ducit

192 1087 232 1148 ab
249 1083 555 1161 oblationibusquas
567 1083 636 1161 jam
652 1082 827 1162 antiquitus
853 1080 1003 1160 Episcopi
1021 1079 1176 1142 ministris

194 1199 260 1242 suae
273 1181 524 1244 consecrationis
538 1181 677 1259 pendere
691 1185 933 1241 consueverunt.

232 1277 363 1340 Servitia
377 1279 491 1338 utiocto
509 1277 686 1339 minoribus
705 1279 799 1356 Papae
814 1275 1002 1340 officialibus
1026 1276 1177 1338 solvenda

193 1383 267 1440 sunt
279 1382 411 1456 propter
424 1377 571 1438 eamdem
585 1392 725 1438 causam.

234 1475 408 1536 Occasione
420 1474 508 1552 pollii
521 1473 645 1552 excepti
662 1475 742 1534 flunt
757 1473 952 1551 largitiones.

234 1577 368 1636 Demum
418 1575 709 1636 commemorandae
753 1579 825 1636 sunt
868 1581 948 1636 tare
986 1573 1178 1654 dispensatio-

193 1691 262 1732 num
277 1671 330 1751 (1).
434 1741 437 1746 ,

315 1856 345 1906 11.
357 1883 388 1892 -
399 1859 461 1905 Jurn
470 1856 567 1906 summi
583 1854 709 1904 Pontificio
718 1854 745 1904 in
757 1855 868 1916 singulos
880 1855 1052 1916 Episcopatus.

235 2007 310 2067 Haec
320 2003 393 2082 jura
404 2009 476 2064 sunt
488 2007 558 2063 tum
568 2007 708 2084 potestas
719 2003 751 2064 in
766 2005 938 2082 dioeceses‚'
956 2009 1022 2066 tum
1035 2010 1177 2084 potestas
1227 2027 1230 2032 ¹

194 2103 227 2164 in
245 2101 386 2198 singulos
398 2101 586 2180 Episcopus.

524 2290 546 2334 1.
557 2287 669 2335 Potestas
682 2285 708 2335 iu
720 2267 847 2336 dioeceses.

233 2439 256 2500 Ι.
272 2436 327 2497 Jcs
347 2435 479 2517 erigendi
497 2435 637 2498 dioceses.
654 2438 795 2510 -Quod
817 2437 856 2497 ad
883 2436 965 2498 hanc
983 2441 1176 2516 potestatem

194 2535 319 2607 attinet,
336 2534 509 2596 dicendum
523 2539 571 2596 est
586 2537 617 2596 10
629 2534 706 2614 quid
720 2535 762 2596 sit
773 2535 1021 2614 Episcopatuum
1028 2535 1175 2611 erectim

194 2633 354 2694 -101101
371 2633 535 2712 negotium
550 2648 618 2694 esse
634 2631 895 2707 ecclesiasticum,
910 2634 1176 2708 nonverocivile;

193 2762 234 2774 —
251 2732 282 2792 3⁰
295 2735 487 2810 potestatem
500 2729 642 2808 erigendi
656 2730 865 2808 Episcopatus
875 2732 912 2792 ad
924 2733 1176 2792 summumPon·

194 2827 315 2892 titioem
325 2827 396 2906 jure
409 2827 563 2904 primatus
578 2826 758 2904 pertinere;
777 2859 817 2874 -
828 2831 862 2888 10
873 2829 991 2890 variam
1004 2828 1100 2890 fuisse
1114 2828 1175 2892 hac

194 2925 227 2986 in
237 2941 272 2986 re
286 2923 500 3002 disciplinam.
866 2939 869 2950 ·

234 3025 266 3084 10
281 3019 359 3097 Ouid
366 3020 405 3082 sit
418 3019 654 3101 Episcopatucm
669 3021 789 3084 erectio.
806 3053 847 3070 -··
861 3022 939 3084 Novi
966 3021 1175 3100 Episcopatus

194 3121 359 3200 eriguntur
368 3135 426 3198 per
437 3117 603 3180 Cathedrm
618 3119 809 3197 episcopalis
820 3119 1063 3193 institutionem,
1076 3123 1108 3180 et
1117 3134 1177 3198 per

193 3215 347 3278 territorii
362 3231 418 3276 seu
433 3213 580 3276 dioecesis
593 3202 938 3295 circumscriptionem.
961 3215 1129 3294 Siquidem
1142 3215 1177 3274 in

195 3313 267 3374 loco
282 3318 357 3391 apto
369 3313 422 3393 (1),
439 3330 533 3392 aquo
546 3312 754 3394 Episcopatus
763 3329 882 3376 nomen
905 3313 1032 3392 accipit,
1047 3318 1079 3375 et
1091 3312 1177 3374 unde

146 3442 149 3448 ¹
228 3459 260 3522 11)
278 3461 432 3510 Tiromassin.
449 3461 521 3510 Vetus
532 3463 556 3510 et
565 3459 635 3512 Novo
646 3460 766 3512 Ecclesioe
774 3462 927 3526 Disciplina,
937 3461 980 3531 lib.
996 3461 1041 3521 111,
1053 3465 1120 3522 pert.
1132 3459 1177 3510 111.

227 3542 259 3606 11)
281 3541 315 3591 Er
326 3540 438 3600 antiquis
449 3541 596 3603 canonibus,
606 3555 655 3592 nou
665 3541 712 3591 nist
726 3541 752 3590 iu
763 3542 900 3603 majoribus
909 3541 1052 3592 civitatibus
1066 3539 1179 3603 erigendi

195 3627 256 3672 sunt
265 3620 438 3683 Episcopatus,
449 3631 484 3670 nc
491 3620 593 3670 nitescat
603 3620 713 3684 dignitas
724 3622 880 3685 episcopatis.
