2630 4250
466 226 540 271 PARS
561 226 727 272 SPEGIALIS.
1029 231 1084 278 235
1167 240 1171 248 ’

100 337 395 404 ecclesiasticorum
405 339 582 420 direptores
586 343 1088 422 justojudiciodamnans‚omnia

106 457 180 519 quae
189 445 388 518 patraverant
409 439 522 500 airrita
537 445 569 502 et
581 441 669 501 nulla
682 461 696 500 o
713 443 914 520 proclamasti
927 443 968 522 (ft
978 460 986 516 ;
997 449 1087 505 actus

100 553 218 599 omnes
232 537 272 598 ab
291 537 329 597 iis
349 538 519 599 intentatos
540 539 750 617 «illegitimos
776 540 906 602 omnino
933 545 965 602 et
993 542 1087 603 sacri-

105 625 223 712 legos»
246 651 314 699 esse
328 634 495 696 decrevisti
511 636 576 712 (2);
603 635 752 715 ipsosque
777 637 889 698 talium
911 639 1087 702 facinorum

102 749 177 795 reos
200 733 302 812 poenis
324 738 356 794 et
378 733 519 795 censuris
539 733 761 796 ecclesiasticis
784 734 939 796 obnoxios
956 737 1026 814 jure
1050 753 1086 798 ac

14 849 16 858 ’
102 831 222 892 merito
234 832 401 894 declarasti
414 831 468 912 (3).
481 853 495 891 o

246 1015 361 1074 Qunsrro
374 1015 637 1066 3·.-lteanrss10aa
652 1017 831 1067 Poanrrcarus
851 1029 953 1066 narrar.

143 1131 262 1204 Praeter
277 1149 424 1214 mortem,
438 1141 563 1204 duobus
577 1143 681 1204 modis
699 1144 882 1223 jurisdictio
896 1145 1085 1224 regulariter

101 1238 275 1300 amittitur:
301 1241 462 1301 voluntate
476 1245 596 1317 nostra,¹
618 1251 651 1302 v.
677 1257 708 1318 g.
731 1260 788 1320 per
802 1242 1080 1314 renuntiationem,

99 1339 198 1415 atque
222 1342 309 1398 extra
335 1339 530 1404 voluntatem
554 1341 707 1413 nostram,
736 1339 859 1400 scilicet
882 1357 939 1418 per
961 1338 1084 1418 deposi-

99 1432 237 1494 tionem.
248 1435 297 1494 An
306 1435 546 1512 utroquernodo
559 1434 717 1498 Primatus
731 1437 833 1499 amitti
844 1437 956 1515 possit,
967 1453 1085 1514 expen-

102 1532 248 1594 dendum
262 1535 321 1594 est.

491 1661 513 1708 l.
529 1659 699 1709 Renuntiatio.
787 1709 790 1714 ,

139 1803 259 1863 Omnes
287 1801 456 1877 dignitates
483 1805 557 1862 sunt
584 1801 744 1864 ordinarie
765 1801 986 1882 resignabiles,
1013 1816 1088 1862 nam

96 1901 189 1978 juxta
200 1898 343 1976 regulam
359 1898 538 1976 generalem
554 1898 688 1978 quisque
703 1904 808 1978 potest
818 1899 884 1979 juri
899 1917 958 1958 suo
972 1914 1088 1958 renun-

25 2055 30 2064 ,
98 1995 195 2056 tiare.
217 1993 301 2056 Olim
319 2000 426 2056 tamen
449 1987 618 2073 quaesitum
635 1996 695 2057 fuit
712 2014 752 2057 an
771 1997 921 2058 Summus
940 1993 1087 2056 Pontifex

99 2107 135 2152 se
155 2091 297 2152 Primatn
312 2092 460 2154 abdicare
473 2093 585 2154 valeat.
608 2091 807 2154 Dubitationi
825 2092 899 2153 huic
917 2093 1005 2154 locus
1021 2108 1086 2152 non

99 2193 162 2264 est,
178 2193 345 2268 postquam
356 2189 387 2250 S.
403 2189 590 2251 Coelestinus
602 2191 629 2252 V
640 2190 942 2268 statutodeclaravit
955 2191 992 2250 R.
1005 2190 1087 2250 Pon-

99 2285 224 2347 tificem
237 2304 330 2366 posse
350 2287 450 2347 libere
468 2287 640 2364 resignare.
664 2287 754 2357 Quod
774 2291 928 2348 statutum
943 2287 1012 2366 ipse
1030 2303 1086 2346 suo

99 2383 324 2460 comprobavit
339 2383 495 2462 exempla,
512 2387 544 2443 et
557 2381 738 2444 Bonifacius
753 2384 823 2444 Vlll
836 2400 983 2462 expressa
993 2399 1086 2463 cons-

102 2480 255 2543 titutione
273 2480 473 2543 confirmavit
484 2479 538 2559 (l).
557 2479 649 2540 Ratio
664 2483 722 2554 est,
737 2479 812 2558 quia
825 2497 902 2540 cum
924 2480 994 2540 aliis
1008 2479 1086 2556 Epi-

104 2578 225 2656 scopis‚
245 2583 377 2657 propter
387 2578 521 2638 salutem
534 2576 719 2638 animeesuae
734 2577 782 2638 vel
791 2577 963 2638 utilitatem
973 2575 1083 2635 Eccle-

101 2675 172 2750 siae,
187 2675 311 2736 licitum
325 2676 366 2736 sit
382 2674 610 2753 Episcopatum
625 2667 802 2746 dimittere,
819 2673 918 2734 totins
935 2670 1086 2732 Ecclesiae

101 2771 227 2834 honum
252 2778 359 2852 potest
381 2773 479 2835 talem
493 2772 763 2834 renuntiationem
785 2768 920 2831 Romani
940 2768 1087 2830 Pontifici

100 2870 254 2933 suadere.

141 2968 216 3028 Non
230 2967 344 3044 obstat,
363 2968 448 3046 quod
463 2967 655 3029 renuntiatio
673 2967 741 3028 fieri
760 2965 876 3028 debeat
892 2965 924 3026 in
941 2963 1088 3027 manibus

102 3061 299 3143 Superioris,
313 3070 344 3126 et
357 3065 502 3126 Pontifex
516 3083 582 3127 non
596 3064 710 3126 habeat
721 3065 754 3126 in
769 3064 861 3126 terris
875 3062 1085 3142 superiorem.

104 3161 237 3224 Etenim
249 3161 319 3224 haec
336 3163 445 3240 regula
458 3162 642 3242 Principem
658 3179 842 3242 supremum
861 3179 925 3223 non
943 3159 1086 3240 respicit.

135 3309 171 3368 (l)
182 3307 314 3368 ¹lllocutio,
324 3311 354 3357 26
365 3313 427 3369 sept.
447 3309 515 3357 rate.

19 3391 20 3446 i
57 3403 62 3416 ·
136 3388 172 3446 (ἲ)
183 3387 313 3444 allocutio,
327 3390 357 3436 20
365 3387 420 3446 Jun.
434 3389 502 3436 laet.

138 3468 175 3530 (3)
183 3469 282 3517 Litterae
292 3475 382 3528 apost,
397 3470 427 3516 26
440 3466 523 3515 martii
536 3468 603 3516 1860.

138 3548 176 3608 (l)
187 3545 223 3595 De
236 3546 439 3606 denuntiatione,
451 3545 477 3594 in
488 3559 521 3596 vr.
