2620 4258
205 235 256 284 298
362 236 517 284 uxrosmu
538 231 715 280 metuuntur
736 233 820 278 tuuis
841 231 995 277 canorum.

430 463 456 510 3.
472 462 509 510 De
520 457 746 518 Archipresbyteris
759 463 784 505 et
792 455 901 505 Decanis
909 457 950 516 (t).

243 644 419 723 Antiquum
444 649 492 707 est
518 641 790 722 Archipresbyteri
818 657 946 716 nomen,
970 656 1034 718 quo
1059 637 1190 716 primus

205 743 405 805 sacerdotum
424 742 621 822 intelligitur.
646 737 920 818 Arcbipresbyteri
941 753 1016 798 vero
1032 740 1108 797 sunt
1124 735 1190 796 du·

206 839 298 918 plicis
312 840 437 919 generis
454 859 461 900 :
477 857 557 902 unus
572 837 711 914 urbanos,
726 836 780 896 alii
792 841 899 897 autem
914 834 1039 896 rurales.

244 939 268 1000 l.
284 937 529 1020 Arekipresbyter
551 935 642 996 urbis.
658 936 798 996 -Unus
819 934 897 994 olim
913 932 971 993 fuit
992 932 1025 991 in
1049 929 1189 1010 singulis

206 1033 395 1096 dioecesibus
409 1033 505 1096 Archi
508 1032 684 1113 presbyter,
698 1031 730 1092 in
743 1031 868 1093 civitate
879 1029 1051 1110 episcopali
1067 1026 1191 1089 consti·

205 1137 304 1195 tutus.
317 1132 511 1210 Presbyteris
529 1131 680 1193 Ecclesiae
693 1129 884 1192 cathedralis
896 1136 1039 1208 praeerat,
1064 1128 1097 1187 et
1115 1124 1188 1204 pri-

206 1246 276 1291 mus
291 1234 364 1310 post
378 1230 573 1308 Episcopum
600 1228 779 1307 imperabat
802 1228 834 1286 in
856 1227 894 1286 iis
909 1244 980 1304 quae
999 1226 1189 1286 adsacrum

205 1326 416 1388 ministerium
432 1327 611 1405 pertinent;
628 1346 658 1387 v.
675 1345 705 1405 g.
728 1324 843 1386 divinis
864 1324 977 1411 otfieiis
992 1321 1087 1383 dabat
1102 1337 1190 1399 ope-

206 1439 295 1498 ram;
318 1424 473 1503 impedito
498 1424 658 1502 Episcopo
682 1423 721 1482 ad
747 1421 838 1482 illum
865 1419 1028 1500 spectabat
1052 1417 1187 1478 missam

206 1521 377 1596 celebrare,
394 1526 594 1582 sacramenta
608 1519 803 1581 ministrare.

105 1615 107 1617 ’
244 1606 374 1680 Attenta
403 1619 502 1699 ipsius
525 1617 737 1694 institutione,
755 1620 821 1678 erat
839 1615 942 1693 prima
962 1619 1036 1694 post
1053 1611 1189 1692 Episco-

204 1734 282 1794 pum
291 1715 437 1798 dignitas.
451 1716 633 1778 Sedordine
641 1715 773 1795 quidem
783 1713 926 1792 superior
935 1712 1185 1786 Archidiacono,

204 1818 312 1874 tamen
320 1813 391 1890 jure
409 1814 623 1876 Decretalium
635 1811 838 1887 estinferior;
854 1829 928 1872 nam
938 1811 992 1872 ille
1005 1811 1186 1872 functiones

204 1910 326 1970 ordinis
346 1915 400 1971 aut
426 1911 488 1970 sori
511 1911 628 1971 interni
654 1911 825 1989 peragebat
849 1914 973 1971 tantum
990 1909 1024 1968 in
1044 1908 1185 1984 civitate,

206 2007 281 2066 dum
296 2005 522 2066 Archidiaconi
541 2007 726 2085 jurisdictio
752 2013 881 2070 externa
899 2025 932 2069 se
945 2005 1140 2069 extendebat
1152 2005 1186 2065 in

205 2108 305 2166 totam
323 2105 496 2165 dioecesim.

244 2201 506 2280 Archipresbyter
516 2201 604 2262 urbis
615 2203 718 2264 solum
731 2203 846 2265 retinet
865 2201 987 2282 antiqui
1004 2200 1185 2280 splendoris

206 2299 394 2378 imaginem3
414 2300 482 2379 ipse
497 2304 545 2361 est
558 2299 704 2379 dignitas,
722 2305 754 2363 et
768 2299 863 2363 habet
876 2300 1014 2380 aliquam
1037 2299 1186 2378 praeemi-

205 2397 357 2460 nentiam.
379 2398 502 2460 Statuta
523 2398 701 2460 dioeeesana
717 2403 748 2460 et
762 2398 867 2478 praxis
886 2399 1032 2460 locorum
1044 2402 1120 2459 sunt
1134 2414 1187 2458 re-

204 2496 286 2574 gulae
304 2494 418 2574 quihus
436 2496 652 2574 prerogativae
666 2495 750 2558 illius
764 2496 1029 2569 determinantur;
1046 2494 1184 2574 proinde

205 2592 230 2652 si
245 2592 392 2670 quaedam
406 2596 546 2670 potestas
559 2591 589 2652 ei
608 2592 774 2670 competit,
794 2609 832 2654 ex
847 2592 1075 2654 consuetudine
1087 2591 1186 2652 desu-

204 2691 321 2751 menda
333 2695 391 2752 est.
411 2691 530 2752 Verum
547 2695 691 2769 spectato
703 2690 775 2768 jure
787 2688 950 2754 communi
960 2689 1184 2770 jurisdictione

205 2787 397 2850 destituitur.

242 2883 552 2966 ILAmEdorestyteri
557 2869 671 2945 rurales
680 2902 735 2946 seu
745 2883 993 2946 beraut-cum
1004 2885 1183 2965 Episcopus

203 2981 287 3042 solus
311 2981 460 3043 omnibus
477 2981 670 3062 presbyteris
696 2981 770 3042 satis
794 2984 958 3044 attendere
977 3001 1044 3044 non
1071 2981 1182 3062 possit,

200 3075 298 3153 jarna
316 3079 434 3140 saeculo
458 3095 478 3139 x
502 3083 734 3141 consueverunt
758 3080 906 3158 Episcopi
928 3098 998 3141 suas
1029 3080 1183 3142 dioeceses

204 3173 343 3236 dividere
356 3173 388 3235 in
399 3175 502 3237 varios
516 3173 678 3236 districtus
689 3193 744 3237 seu
753 3174 908 3252 Desertus,
922 3177 1038 3256 quibus
1051 3177 1183 3258 singulis

204 3267 318 3346 singuli
333 3271 610 3352 Archipresbyteri
624 3273 744 3334 rurales
758 3272 817 3334 sub
834 3274 964 3336 nomine
979 3277 1181 3338 Decanorum

203 3368 434 3444 praeficiuntur.
467 3372 684 3449 Qualiuuuque
710 3373 840 3434 nomine
867 3379 1040 3451 vocentur,
1071 3392 1180 3438 eorum

235 3565 270 3628 (1)
285 3565 453 3616 Decretalium
462 3567 506 3618 lib.
524 3567 544 3629 1,
558 3568 597 3620 tit.
609 3583 679 3633 xxiv,
693 3571 723 3621 de
738 3570 829 3635 Officio
839 3571 1062 3638 archipresbyteri.
