2626 4258
262 309 316 356 892
429 311 585 360 nxrosmo
606 307 784 356 murnomca
804 307 886 354 sums
909 309 1064 356 cartorum.

259 433 326 490 tam
340 431 379 492 de
392 435 495 492 morte
509 427 668 504 Praesulis,
684 429 732 489 vel
743 427 782 488 de
802 431 935 506 accepto
946 429 1163 491 translationis
1180 434 1238 493 tes·

261 527 409 606 timonio,
424 529 472 590 vel
492 529 533 590 de
547 526 703 590 sententia
718 524 936 603 depositionis.

430 755 453 804 2.
467 751 554 814 Qualis
565 750 706 815 jurisdictio
721 749 753 799 ad
764 751 902 812 capitulum
916 750 1069 802 devolvatur.

303 931 328 992 l.
350 929 465 1011 Regula
478 929 623 1011 generalis
637 947 649 990 .·
665 929 746 990 Sede
764 932 906 1003 vacante,
921 928 961 989 ad
974 927 1150 1008 capitulum
1165 946 1240 1008 per·

262 1029 343 1091 tinet
354 1028 535 1108 jurisdictio
559 1027 748 1106 episcopalis
764 1025 935 1101 ordinaria,
958 1026 1097 1106 exceptis
1113 1027 1152 1087 iis
1168 1045 1238 1106 quaa

263 1129 382 1208 exjure
400 1127 580 1206 specialiter
607 1123 932 1188 reservantur.·Ratio
959 1129 1016 1200 est,
1047 1125 1130 1204 quia,
1150 1125 1239 1204 juxte

262 1227 451 1300 Decretales‚
463 1225 620 1288 Ordinarii
641 1224 770 1286 nomine
786 1223 871 1285 venit
858 1226 960 1284 ttum
973 1221 1149 1302 Episcopus
1163 1225 1238 1285 sede

261 1325 365 1404 plena,
380 1329 450 1385 tum
464 1323 639 1403 capitulum
653 1323 728 1384 sede
741 1327 883 1383 vacante,

301 1421 401 1500 Igitur
415 1421 590 1501 capitulum
608 1425 713 1500 potest
733 1423 850 1484 statuta
864 1420 1003 1482 condere
1019 1421 1050 1480 et
1064 1417 1144 1480 ab
1117 1436 1162 1481 ers
1177 1420 1240 1480 dis-

211 1573 215 1585 .
260 1535 404 1600 pensare,
421 1535 529 1580 causas
548 1519 693 1598 judicare
713 1523 745 1579 et
769 1535 877 1596 poenas
906 1517 1061 1597 infligere,
1078 1517 1238 1578 contessa·

167 1619 169 1623 ‘
260 1617 325 1678 rios
349 1617 538 1696 approbare,
555 1617 621 1678 imo
637 1615 800 1677 dioecesim
815 1615 940 1676 visitare
964 1619 995 1675 et
1009 1615 1167 1694 synodum
1186 1633 1238 1678 ce-

263 1715 396 1778 lebrare.
414 1717 458 1776 Ea
472 1715 648 1795 generatim
664 1714 724 1775 sibi
743 1713 850 1788 sumit,
879 1731 950 1792 quae
964 1713 1030 1774 sine
1044 1713 1162 1776 damno
1172 1732 1238 1775 non

265 1813 461 1874 differuntur.

304 1911 344 1971 ll.
360 1910 565 1991 Eoceptiooes.
580 1941 619 1956 -·
645 1913 672 1970 l.
694 1909 881 1987 Capitulum
898 1927 964 1970 non
978 1909 1103 1988 peragit
1112 1927 1152 1976 ,ea
1167 1929 1239 1988 quae

263 2012 336 2069 sunt
358 2007 477 2069 ordinis
507 1999 706 2086 episcopalis
736 2007 812 2068 licet
838 2011 924 2069 recte
957 2008 1057 2085 possit
1093 2013 1238 2070 exterum

188 2091 197 2110 ‘
262 2104 457 2183 Episcopum
470 2106 624 2166 advocare
635 2105 674 2164 ad
686 2105 862 2165 exercenda
874 2105 1076 2184 pontificalia.

301 2205 329 2263 E.
345 2203 479 2264 Litteras
493 2201 687 2262 dimissorias
700 2203 740 2262 ad
759 2203 909 2264 ordinum
923 2204 1160 2282 susceptionem
1173 2221 1240 2266 non

262 2295 421 2368 concedit,
448 2296 508 2356 nisi
524 2297 631 2373 elapso
646 2312 739 2370 anno,
756 2295 805 2356 vel
824 2296 948 2358 clericis
972 2297 1099 2358 arctatis
1119 2299 1175 2377 qui
1189 2316 1240 2358 ra-

262 2393 349 2455 tione
363 2392 509 2454 beneficii
525 2393 653 2453 ordines
673 2391 833 2470 suscipere
850 2398 1012 2456 tenentur.

305 2494 336 2553 3.
359 2491 538 2570 Capitulum
556 2508 622 2552 non
651 2496 777 2552 exercet
801 2507 837 2552 ea
857 2509 914 2570 per
940 2511 1011 2570 quae
1029 2496 1129 2554 status
1150 2493 1242 2572 prior

266 2591 409 2654 eeclesiae
421 2590 468 2650 vel
479 2589 651 2650 dioeoes'eos
666 2593 815 2670 mutatur,
833 2595 886 2651 aut
900 2590 1006 2652 tuturo
1017 2575 1241 2669 praelatoprae·

262 2689 420 2767 judicium
435 2688 579 2749 infertur.
596 2685 677 2747 Hinc
687 2704 753 2747 non
763 2690 869 2764 potest
882 2687 1019 2749 alienare
1033 2687 1117 2750 bona
1127 2693 1159 2750 et
1167 2690 1243 2769 jura

266 2786 475 2866 ecclesiae(l).
1055 2869 1058 2874 .

303 2890 334 2945 4.
349 2885 558 2962 Excipiuntur
574 2899 620 2958 ea,
635 2901 705 2961 quae
719 2882 875 2962 Episcopo
886 2883 1088 2962 jurctantum
1101 2889 1245 2946 extraor-

265 2983 399 3057 dinario,
424 2987 477 3042 aut
500 2981 623 3043 ratione
640 2981 802 3059 dignitatis
832 2982 1021 3060 episcopalis
1037 2989 1240 3062 competunt.

302 3086 331 3142 5.
347 3079 554 3158 Excipiuntur
570 3095 606 3139 ea
619 3095 690 3157 quae
705 3079 864 3158 Episcopo
881 3079 1061 3157 specialiter
1073 3069 1245 3144 reservan-

261 3185 323 3256 tur,
342 3179 447 3258 qualia
468 3183 541 3240 sunt
565 3177 720 3239 beneficia
738 3179 777 3237 ad
804 3177 938 3238 liberam
965 3179 1062 3262 solius
1087 3181 1246 3261 Episcopi

172 3327 174 3334 ,
260 3277 463 3339 collationem
489 3275 673 3356 spectantia.
702 3275 815 3336 Merito
839 3275 936 3355 igitur
962 3277 1101 3356 capitula
1130 3279 1245 3341 dalliae

261 3379 493 3437 consueverunt
516 3373 772 3436 nominationem·
789 3373 1011 3452 parochiarum
1024 3376 1153 3455 proprie
1169 3376 1246 3438 dio·

261 3479 366 3535 tarum
380 3473 486 3560 futuro
500 3473 658 3559 Episcopo
670 3488 840 3534 reservare.

295 3671 328 3734 (ll
348 3669 516 3720 Decretola'um
526 3669 568 3720 lib.
578 3670 620 3733 ΙΙΙ,
634 3671 673 3721 tit.
689 3685 724 3734 rx,
740 3671 778 3721 Ne
792 3669 851 3720 seule
864 3671 967 3720 vocante
984 3669 1084 3736 aliquid
1097 3673 1244 3724 innovetur.
