2620 4258
460 254 534 300 PARS
556 255 719 306 sanctatis.
1023 259 1074 306 30³

141 375 254 438 Merito
272 373 369 455 igitur
388 372 498 452 opinio
512 373 551 434 de
568 371 674 434 divina
688 374 899 452 parochorum
921 376 1041 454 origine
1059 395 1078 439 a

101 471 318 536 celeberrimis
335 469 504 549 Theologis
525 473 557 531 et
578 470 750 534 canonistis
768 472 892 551 iamdiu
911 474 1077 552 profligata

101 573 165 631 est.
182 571 353 648 Propterea
366 565 496 646 parochi
510 582 576 626 non
590 567 789 632 constituunt
800 570 930 634 tertium
944 572 1077 650 gradum

101 667 136 728 in
152 667 334 729 Hierarchia
347 666 495 728 divinitus
508 665 666 728 instituta.

721 753 733 787 h

377 875 411 926 ll.
428 899 459 912 -
471 876 508 926 De
518 875 685 925 Parochorum
696 861 807 925 munere.
908 881 910 886 '

141 1039 167 1090 l.
184 1035 348 1092 parochiale
361 1051 469 1092 munus
483 1036 515 1092 in
527 1051 645 1106 genera.

142 1128 167 1178 2.
181 1124 375 1181 parochorum
385 1127 453 1193 jnra
462 1129 491 1180 et
502 1123 597 1180 officia
610 1125 641 1180 in
653 1126 759 1196 specie.

308 1381 310 1386 .
377 1321 397 1366 l.
415 1317 559 1368 parochiale
574 1299 664 1366 munus
678 1317 703 1366 in
720 1330 818 1378 genere.

147 1463 324 1527 Concilium
334 1466 556 1528 Tridentinum
569 1485 752 1547 germanam
766 1465 909 1529 indolem
924 1465 1085 1525 Parocho-

108 1579 181 1621 rum
196 1562 324 1624 exhibet
340 1563 381 1642 (l)
400 1583 406 1624 :
429 1585 443 1621 a
460 1565 547 1625 iniis
563 1565 743 1627 civitatibus
757 1583 794 1626 aa
809 1565 898 1638 locis,
918 1564 973 1625 uhi
992 1578 1085 1642 pero-

106 1659 228 1721 ohiales
243 1660 387 1721 ecclesiae
402 1666 505 1723 certos
518 1680 583 1725 non
595 1663 812 1739 hahentfines,
827 1680 887 1724 neo
898 1677 1005 1724 earum
1015 1677 1087 1722 rec-

105 1763 198 1818 tores
219 1758 384 1836 proprium
402 1759 556 1837 populum
574 1777 669 1839 quem
683 1765 805 1839 regant,
830 1761 886 1821 sed
904 1759 1088 1838 promiscue

108 1854 291 1932 petentibus
305 1860 502 1918 sacramenta
516 1856 749 1932 administrent,
766 1857 897 1918 mandat
909 1860 1017 1917 sancta
1031 1855 1090 1935 Sy·

111 1953 216 2012 nodus
230 1953 406 2032 llpiscopis,
432 1971 490 2032 pro
509 1955 619 2016 tutiori
637 1955 814 2016 animarum
833 1955 878 2016 eis
900 1953 1088 2015 commissa·

110 2067 183 2110 rum
198 2051 309 2126 salute,
332 2055 367 2111 ut
390 2050 540 2112 distincto
561 2053 680 2130 populo
703 2052 735 2113 in
757 2057 858 2113 certas
878 2051 1088 2130 propriasque

112 2146 289 2226 parochias,
312 2148 483 2225 unicuique
506 2136 598 2209 suum
615 2154 806 2228 perpetuum
830 2149 1090 2227 peculiaremque

112 2245 286 2323 parochum
301 2243 470 2322 assignent,
488 2245 542 2323 qni
558 2263 610 2305 eas
631 2261 821 2324 cognoscere
836 2247 937 2307 valeat
948 2250 980 2307 et
995 2263 1013 2306 a
1027 2260 1091 2320 qno

114 2341 186 2426 solo!
203 2341 291 2402 licite
310 2345 507 2402 sacramenta
527 2341 715 2419 suscipiant3
732 2346 787 2401 ant
804 2341 868 2401 alio
886 2329 1011 2403 utiliori
1026 2357 1091 2402 mo·

113 2439 170 2514 do,
185 2444 281 2517 prout
291 2439 354 2499 loci
367 2439 500 2516 qualitas
515 2437 666 2517 exegerit,
681 2437 877 2515 provideant.
894 2459 907 2495 a

157 2538 249 2599 Juxta
268 2536 337 2598 haec
353 2535 458 2610 verba,
475 2535 620 2620 paraclitis
639 2553 742 2596 curam
762 2535 927 2594 animorum
939 2553 997 2614 per
1013 2531 1096 2594 verbi

115 2631 210 2692 divini
217 2639 245 2693 et
253 2631 798 2706 sacramentorumadministrationem,
808 2649 858 2690 seat
857 2629 1093 2710 jurisdictionem

115 2729 182 2812 fori
197 2730 310 2806 intumi,
326 2729 509 2792 ordinariam
521 2739 549 2790 et
562 2730 710 2812 Episcopo
720 2729 890 2810 subjectam,
909 2729 939 2788 iit
948 2725 1093 2808 populum

118 2827 268 2889 territorii
278 2827 404 2909 legitime
415 2827 629 2908 circummipti
639 2825 786 2888 stabiliter
801 2833 925 2886 exercet.

160 2926 301 2987 Genuina
320 2927 460 2987 muneris
475 2926 664 3005 parochialis
678 2925 767 2986 notio
785 2922 989 3004 sequentihus
1007 2919 1098 3000 prin·

116 3021 213 3102 cipiis
225 3024 398 3086 evolvitur:
777 3043 780 3048 ·

159 3125 184 3183 Ι.
200 3121 352 3182 Parasitus
365 3141 466 3182 earam
481 3121 646 3182 animorum
664 3127 779 3181 emarcet
791 3137 850 3200 per
869 3116 953 3178 verbi
968 3115 1061 3176 divini
1072 3123 1100 3176 et

119 3217 380 3281 Sacramentorum
392 3218 685 3280 administrationem.

163 3313 1098 3397 Auctoritasparochorumrespondetnaturaesccietatiscui
1120 3349 1125 3359 ·

126 3417 346 3496 praeflciuntur
362 3436 369 3477 ε
387 3415 474 3494 atqui
492 3413 642 3494 parochia
660 3417 706 3476 est
721 3411 855 3474 societas
874 3413 1049 3476 domestica
1067 3411 1100 3472 in

160 3601 194 3663 (1)
206 3602 269 3652 sess.
282 3599 370 3661 xxiv,
383 3612 437 3660 cap.
448 3611 503 3648 xrrr.
