2588 4272
231 281 264 330 91
391 281 548 328 uxrosmto
570 278 745 326 nutriamus
766 279 849 326 JUliIS
871 281 1028 330 annorum.

268 401 291 462 1
309 398 472 478 Ejusmodi
500 367 677 460 decisiones
701 397 888 478 aequivalent
908 401 976 461 salt'
954 403 1020 462 tem
1039 403 1107 460 sent
1093 397 1199 460 tentiis

227 493 445 576 judicialibus,
470 495 629 574 siquidem
652 496 916 574 congregationes
938 502 1044 558 suntt
1031 495 1200 557 tribunalia

232 595 323 656 Sedis
351 594 553 678 Apostolicae.
576 593 671 671 Atqui
705 593 934 656 sententiarum
962 593 1199 656 definitivarum

228 693 358 754 effectus
372 692 490 753 dicitur
501 710 547 752 res
553 689 704 772 judicato.

266 789 446 852 Auctoritas
461 806 534 850 vero
549 789 714 850 sententiae
725 788 886 868 iudicialis
903 807 958 852 sua
977 795 1090 852 natura
1103 791 1201 852 fertur

226 887 260 948 in
275 905 364 949 casus
378 887 594 966 particulares,
614 904 688 948 cum
706 887 746 950 sit
767 888 964 967 applicatio
953 889 1032 968 Juris
1046 888 1200 968 generalis

227 987 266 1047 ad
287 986 420 1065 singula.
449 985 529 1047 Inde
552 985 721 1064 colligitur,
746 987 1032 1067 congregationum
1052 1003 1202 1101 responsa

226 1101 292 1145 non
304 1082 431 1145 extendi
444 1083 483 1144 ad
500 1100 588 1144 casus
602 1081 781 1148 dissimiles

267 1183 335 1242 lmo
347 1181 508 1242 nonnullae
523 1180 699 1245 decisiones
712 1199 775 1242 non
791 1181 963 1259 respiciunt
976 1179 1037 1242 nisi
1052 1187 1200 1260 per-tonas

228 1296 287 1358 pro
298 1277 412 1356 quibus
426 1278 557 1352 dantum
575 1297 604 1339 v.
621 1297 664 1356 g.,
681 1277 744 1338 illae
759 1279 923 1340 sententia
939 1278 1052 1357 quibus
1065 1278 1137 1340 lites
1153 1275 1200 1337 di-

230 1375 389 1437 rimuntur
409 1393 446 1438 ex
466 1376 585 1456 regulis
600 1375 790 1455 prudentie,
814 1375 1053 1437 habitarationc
1066 1374 1202 1436 circum·

229 1472 422 1534 stantiarum.

269 1571 309 1633 ΙΙ.
321 1569 470 1632 Plurimae
490 1569 668 1632 decisiones
687 1568 834 1632 obtinent
848 1570 912 1633 vim
926 1569 1017 1650 legis.
1034 1569 1129 1632 Ratio
1142 1572 1199 1654 est,

228 1667 303 1746 quia
318 1673 458 1746 potestas
469 1668 638 1747 judiciaria
649 1669 734 1746 leges
746 1668 885 1747 applicat
894 1669 981 1749 juxta
998 1685 1127 1730 sensum
1139 1683 1200 1745 quo

228 1764 399 1842 propositae
413 1770 505 1838 sunt3
532 1766 616 1844 quod
640 1764 771 1835 involvit
793 1765 856 1826 duo
866 1765 997 1845 judicia,
1016 1767 1151 1826 alterum
1164 1762 1201 1822 de

229 1861 431 1923 subditorum
452 1861 641 1938 actionibus,
663 1863 800 1923 alterum
818 1863 859 1924 de
879 1880 953 1925 vero
977 1864 1084 1942 legum
1097 1879 1199 1923 sensu.

228 1959 399 2036 Propterea
416 1957 556 2036 supremi
568 1957 737 2018 tribunalis
750 1959 868 2038 duplex
881 1976 994 2020 munus
1013 1963 1071 2032 est,
1087 1974 1202 2036 nempe

228 2055 498 2138 legemapplicare
513 2061 545 2118 et
559 2053 760 2136 interpretari
775 2056 827 2137 (l).

268 2153 376 2229 Igitur,
399 2151 542 2230 quamvis
560 2152 824 2232 Congregationes
840 2152 993 2214 institutae
1008 2151 1126 2214 luerint
1143 2169 1200 2231 po-
1257 2223 1258 2226 Ἴ

229 2249 387 2311 tissimum
411 2251 451 2310 ad
476 2251 561 2330 legas
587 2250 801 2328 applicandas,
817 2257 925 2312 tamen
944 2249 1058 2328 saepius
1072 2249 1199 2324 accidit,

229 2352 264 2408 ut
286 2364 394 2408 earum
414 2349 543 2409 decreta
567 2347 633 2408 vim
655 2347 735 2426 legis
756 2347 931 2409 obtineant.
948 2347 983 2407 Id
1003 2347 1159 2426 contingit
1169 2347 1200 2406 in

229 2444 432 2523 sequentibus
447 2445 588 2506 casibus:
610 2447 640 2505 1⁰
651 2445 686 2506 Si
699 2445 877 2507 decisiones
891 2443 1058 2523 ejusmodi,
1069 2445 1201 2524 jubente

230 2543 394 2618 Pontifice‚
416 2543 660 2622 promulgentur
690 2549 841 2622 tanquam
865 2543 993 2604 decreta
1025 2542 1195 2622 generalia.

228 2641 261 2701 2⁰
274 2639 307 2702 Si
324 2641 562 2717 declarationes,
582 2644 727 2704 consulto
749 2641 914 2716 Pontifice,
932 2641 1035 2720 legem
1049 2640 1201 2720 interpre-

230 2742 356 2813 tentur3
379 2739 460 2799 sicut
474 2737 559 2799 enirn
568 2739 619 2818 jus
632 2756 800 2800 commune
811 2739 997 2800 societatem
1011 2737 1141 2818 obligat,
1158 2739 1200 2799 ita

232 2841 263 2895 et
276 2834 360 2896 illius
375 2834 596 2914 interpretatio
621 2835 751 2896 nomine
768 2834 930 2896 Pontifiois
947 2835 1042 2895 edita.
1063 2836 1095 2894 3⁰
1111 2831 1201 2896 Deoi-

230 2931 355 2993 sionum
369 2931 571 2993 unilormilas
585 2932 619 2993 in
631 2932 755 2994 casibus
771 2929 926 2993 similibus
939 2931 1061 2992 inducit
1073 2931 1196 3010 praxim

230 3028 326 3090 curiae
338 3028 546 3108 romanae(2).

268 3127 321 3188 Ill.
338 3127 392 3188 llis
407 3126 572 3206 principiis
583 3142 620 3188 ex
629 3126 736 3189 indole
744 3126 1028 3206 congregationum
1044 3125 1196 3198 deductis,
1214 3191 1216 3196 ,

230 3224 414 3286 enucleatur
430 3225 600 3287 difficultas
620 3224 710 3286 istius
726 3225 910 3304 questionis
925 3244 933 3286 :
947 3231 1055 3286 utrum
1074 3225 1199 3286 decreta

230 3320 518 3399 Congregationum
532 3322 596 3385 vim
610 3323 688 3402 legis
702 3323 853 3386 habeant.
877 3322 1035 3384 Nimimm
1050 3322 1198 3384 distincto

262 3467 296 3530 (l)
311 3467 440 3531 Tarquini,
450 3465 796 3532 Jurisecclesiasticipublici
810 3467 988 3530 institutiones,
999 3467 1041 3518 lib.
1059 3468 1080 3530 1,
1093 3481 1150 3530 cap
1164 3477 1183 3517 1

262 3549 294 3609 (2)
306 3547 395 3609 Simor,
407 3547 543 3611 Episcopus
555 3547 712 3597 laurinensis
734 3548 835 3600 dissert.
853 3549 889 3598 De
903 3544 1144 3646 Conpreqotiooibus
1157 3559 1198 3596 ro·

229 3628 310 3678 monis
323 3630 349 3678 et
361 3627 467 3678 illarum
481 3627 640 3678 auctoritate.
