2588 4272
457 261 532 308 PARS
554 258 719 310 conclama.
1032 257 1081 308 itt

102 379 250 464 nificinm
267 379 403 462 offertur,
418 389 601 442 sacramenta
613 380 831 456 ministrantur,
851 385 880 440 et
893 396 985 442 samec
995 377 1081 458 sane·

101 481 192 542 tiones
207 485 403 560 percpnntur.
420 479 586 558 Proposita
601 478 744 540 definitio
766 477 992 559 complectitur
1004 476 1083 539 inte·

101 596 194 660 grum
209 577 336 639 Ordinis
347 575 520 656 objectum,
532 595 648 658 nempe
660 576 862 654 sacrificium,
872 582 1079 652 sacramenta,

101 673 354 741 sacramentalia.

142 777 237 837 tuxia
250 771 332 834 hanc
343 771 573 847 definitionem,
588 772 704 851 duplex
718 777 858 853 potestas
872 771 999 836 Ordinis
1017 771 1080 834 dis·

99 871 269 952 tinguitur.
287 871 367 932 Cum
382 876 578 933 sacramenta
592 877 624 933 et
635 871 828 934 sacrificium
848 871 911 934 siut
932 869 1081 933 divinitus

100 971 257 1046 instituta,
276 969 394 1050 pariter
413 987 451 1031 ex
461 969 533 1050 jure
549 969 656 1032 divino
669 970 816 1050 procedit
831 969 958 1032 Ordinis
972 973 1082 1048 potes-

99 1075 149 1132 tas
166 1086 239 1148 quae
251 1064 293 1130 ad
310 1068 364 1129 illa
386 1069 529 1130 refertur.
547 1068 664 1130 Verum
682 1067 722 1129 ab
741 1067 883 1132 Ecclesia
895 1067 1015 1148 pendet
1029 1065 1083 1128 iila

101 1167 232 1230 Ordinis
246 1171 386 1246 potestas
401 1184 471 1245 quae
487 1171 618 1228 caeteras
629 1167 808 1230 iunoiiones
820 1184 924 1230 sacras
938 1164 1080 1244 respicit,

99 1265 431 1326 namsacramentalia
443 1269 516 1326 sunt
530 1265 737 1328 institutionis
750 1263 985 1328 ecclesiastica.

143 1363 182 1424 ll.
192 1359 376 1424 Definitioui
388 1361 513 1423 Ordinis
527 1362 698 1441 opponitur
709 1361 840 1445 definitio
851 1359 1079 1424 iurisdinionis.

143 1457 331 1522 iurisdictio
344 1459 519 1538 generatim
534 1465 581 1522 est
597 1467 724 1541 potestus
737 1459 858 1541 rependi
872 1457 1012 1520 subditos.
1027 1459 1083 1520 Ju-

104 1555 251 1619 risdictio
266 1555 479 1618 ecclesiastica
496 1556 646 1619 definitur
663 1578 670 1620 :
687 1557 714 1618 A
736 1557 853 1620 Christo
869 1558 1003 1620 instituta
1020 1557 1081 1640 spi-

103 1655 224 1717 ritualis
235 1663 363 1737 potestas
374 1654 496 1736 rependi
508 1654 607 1737 fideles
620 1663 649 1717 et
664 1653 827 1718 Ecclesium
841 1657 871 1717 in
882 1656 970 1738 finem
979 1676 1081 1740 snper-

101 1753 281 1840 nntnrnlqm.
626 1752 628 1760 ’
757 1773 759 1778 ·
847 1743 851 1752 ’

144 1855 304 1926 Quatenus
328 1851 444 1914 dicitur
462 1857 592 1934 potestas
608 1851 914 1933 rependiEcciesinm,
931 1853 1081 1936 intelligi·
1140 1917 1142 1920 .

101 1957 155 2015 tur
174 1950 356 2032 jurisdictio
375 1958 505 2014 externa
520 1969 592 2030 quae
606 1951 791 2014 societatem
804 1953 928 2033 legibus
949 1958 981 2015 et
995 1953 1083 2034 judi-

101 2050 162 2112 ciis
183 2047 346 2129 gubernat.
373 2051 530 2122 Quatenus
551 2067 626 2111 vero
641 2050 758 2112 dicitur
773 2059 899 2133 potestas
913 2047 1034 2132 rependi
1041 2050 1081 2132 fi-

98 2145 187 2224 deles,
205 2146 347 2208 definitio
362 2147 509 2210 convenit
521 2147 616 2210 etiam
628 2147 843 2227 jurisdictioni
860 2149 994 2212 internae
1010 2167 1081 2228 quae

98 2245 134 2306 in
150 2243 291 2325 singulos
304 2245 411 2306 fideles
424 2249 600 2307 exercetur.
1011 2235 1016 2256 '

137 2380 208 2433 Aur.
221 2378 243 2433 1.
261 2375 420 2432 Discrimen
433 2375 548 2434 Ordinis
564 2380 593 2433 ct
604 2377 824 2438 iurisdictionis.

136 2469 206 2526 Aur.
222 2467 257 2522 11.
273 2467 359 2522 dctus
369 2465 484 2523 Ordinis
494 2465 540 2523 vel
548 2465 773 2524 iurisdictionis.

466 2663 685 2720 annotinus
703 2664 717 2718 1

272 2819 419 2862 urscnnmn
436 2821 542 2862 nunnus
559 2821 591 2861 nr
608 2819 812 2862 anmsmcmours
831 2808 881 2875 (i).

139 2967 168 3028 1.
184 2965 329 3028 Primum
344 2965 517 3029 discrimen
527 2966 673 3029 oriturex
682 2967 793 3049 objecto
801 2966 966 3046 utriusque
978 2970 1080 3045 potes·

92 3065 187 3128 tatis.
197 3065 323 3126 illenim
333 3047 472 3144 potestas
484 3065 713 3138 determinatur
725 3083 763 3127 ex
775 3067 858 3128 illius
873 3063 1080 3145 proportione

92 3165 139 3226 ad
150 3162 315 3224 societatis
324 3165 431 3225 finem.
441 3163 538 3242 Atqui
547 3164 1081 3242 Ecclesiafinisproximus,nempe

91 3261 281 3324 animarum
294 3261 514 3336 sanetifioatm,
527 3261 649 3322 duabus
672 3260 789 3322 viribus
812 3260 982 3336 obtinetur,
996 3259 1081 3322 scili·

92 3366 153 3424 oct
166 3361 269 3442 prutio
283 3359 382 3422 diuina
398 3365 429 3422 et
442 3358 591 3420 hominnm
604 3359 811 3439 cooperatione.
825 3358 964 3420 Christus
975 3359 1007 3418 in
1018 3359 1080 3420 Ec-

88 3459 201 3522 clesia
214 3454 352 3520 instituit
367 3462 558 3538 potestatem
573 3455 697 3520 Ordinis
713 3457 752 3518 ad
771 3457 996 3521 conferendam
1010 3475 1081 3537 gra-

89 3598 92 3606 !
126 3625 169 3689 (1)
181 3624 270 3689 Bouix,
286 3625 323 3676 De
331 3625 466 3690 principiis
477 3625 551 3691 juria
560 3626 679 3688 cononici,
691 3625 862 3690 panlvaap.
873 3639 913 3676 ιιι.
