2588 4272
218 231 251 279 60
386 231 543 278 EXPOSITIO
564 229 742 276 uuuflonlcn
762 229 845 275 turus
866 227 1020 278 canorum.

217 351 344 412 Constat
366 328 403 410 er
421 349 640 428 propositione
663 347 701 409 ab
727 346 906 408 Alexandro
932 346 987 408 Vll
1010 345 1161 406 damnata
1186 365 1193 406 τ

220 467 242 517 o⁴
258 447 396 525 Populus
415 463 479 507 non
502 451 624 525 peccat,
642 445 765 507 etiamsi
783 445 902 522 absque
926 443 993 504 ulla
1015 443 1109 504 causa
1130 460 1196 504 non
1264 449 1265 452 ’

215 543 349 621 recipiat
362 544 463 622 legem
479 562 497 604 a
513 545 660 624 Principe
675 543 921 623 promulgatam.
936 565 950 600 a

138 671 141 679 ν
255 640 346 701 Ratio
363 647 420 716 est,
435 641 510 721 quia
525 641 550 701 si
567 642 617 703 lex
633 659 698 703 non
713 641 869 720 obligaret
887 639 1142 719 independenter
1154 640 1193 701 ab

216 738 433 815 acceptatione
447 739 568 817 populi,
586 739 617 799 id
635 739 815 818 proveniret
829 738 877 800 vel
893 755 930 799 ex
944 740 1072 800 delectu
1084 739 1195 800 volun-

215 835 289 897 tatis
303 836 334 896 in
346 837 537 915 legislatore,
554 839 604 900 v‘el
619 855 656 900 ex
671 839 797 900 delectu
812 839 987 918 potestatis.
1005 840 1102 920 Atqui
1118 856 1195 903 neu·

216 937 301 994 trum
313 933 376 995 dici
387 939 493 1012 potest
505 955 511 997 :

256 1033 325 1094 Non
336 1033 425 1094 deest
437 1033 570 1095 voluntas
584 1053 596 1095 .·
605 1035 668 1096 hoc
679 1033 794 1113 probat
806 1039 875 1096 tum
886 1039 999 1096 natura
1012 1034 1103 1115 legis
1121 1053 1195 1114 quaa

217 1129 324 1192 diliert
350 1147 367 1192 a
394 1132 540 1208 consilio,
568 1139 638 1194 tum
661 1133 707 1194 vis
729 1132 898 1195 verborum
924 1134 1194 1214 praecipientium,

215 1232 285 1290 tum
300 1229 433 1291 inflictio
450 1248 614 1310 poenarnm
630 1231 745 1310 quihus
760 1231 921 1310 legislator
937 1238 1029 1312 urget
1043 1233 1122 1312 legis
1137 1233 1196 1294 ob-

216 1327 438 1390 servationem.
729 1345 730 1350 ¹

256 1427 365 1505 Neque
377 1427 485 1488 delicit
496 1436 633 1508 potestus,
651 1427 810 1507 siquidem
821 1427 889 1507 ipse
900 1427 1041 1490 Christus
1053 1429 1148 1492 Petro
1163 1434 1196 1492 et

216 1524 522 1602 Apostolistradidit
533 1532 721 1605 potestatem
740 1526 870 1605 regendi
885 1525 1047 1588 universos
1066 1527 1190 1589 fideles.

218 1623 295 1684 Haec
308 1628 414 1684 autem
434 1629 573 1702 potestas
593 1623 765 1703 legislativa
783 1623 974 1699 eluderetur,
998 1623 1024 1683 si
1039 1623 1127 1684 valor
1149 1625 1195 1684 le-

216 1735 319 1799 guma
331 1721 441 1799 populi
452 1739 607 1782 consensu
620 1723 784 1800 penderet.

254 1819 292 1878 ll.
311 1819 439 1888 Interim
455 1820 538 1898 leges
553 1833 609 1896 per
633 1819 887 1898 acceptationem
901 1819 1043 1880 fidelium
1058 1821 1192 1880 firman-

216 1919 269 1976 tur
281 1915 529 1990 accidentaliter,
547 1935 610 1978 non
624 1917 754 1996 quidem
770 1919 830 1979 hoo
846 1935 938 1979 sensu
951 1918 1036 1995 quod
1052 1917 1097 1978 sic
1109 1918 1195 1980 acci-

217 2015 381 2092 piantvim
397 2014 568 2094 obligandi,
591 2016 645 2076 sed
669 2032 707 2077 eo
729 2033 821 2078 sensu
845 2016 930 2094 quod
945 2033 1002 2094 per
1017 2020 1111 2076 usum
1128 2017 1194 2078 exi-

218 2119 344 2175 mantur
358 2132 376 2174 a
390 2114 532 2192 periculo
543 2113 767 2194 abrogationis.
781 2115 876 2194 Leges
890 2115 975 2175 enim
987 2131 1122 2194 quarum
1138 2113 1199 2176 ob-.

219 2212 374 2274 servantia
390 2211 570 2292 negligitur,
595 2213 725 2273 tandem
747 2211 865 2274 abeunt
882 2211 916 2272 in
935 2211 1193 2292 desuetudinem,

216 2311 266 2372 vel
279 2328 297 2372 a
311 2311 489 2390 legislatore
500 2315 696 2373 revocantur.

526 2488 563 2539 11.
579 2513 611 2526 -
625 2489 661 2540 De
677 2488 769 2551 placito
785 2488 864 2552 regio.

259 2627 408 2696 Placitum
422 2630 535 2712 regium
550 2629 753 2712 (Eaequotur)
773 2638 820 2694 est
841 2632 971 2694 facultas
994 2629 1198 2710 principibus

219 2731 373 2794 attributa
395 2731 479 2815 leges
501 2729 677 2809 pontificias
696 2731 744 2790 rel
763 2730 957 2810 episcopales
976 2728 1195 2806 examinandi,

220 2845 392 2910 earumque
404 2827 654 2908 publicationem
664 2828 860 2891 concedendi
871 2829 920 2890 vel
940 2826 1131 2908 denegandi.

574 3019 599 3064 l.
618 3011 688 3064 Illius
701 3011 769 3074 origo
784 3011 831 3073 (1).

257 3163 372 3226 Placiti
387 3161 478 3242 origo
499 3161 671 3240 repetenda
696 3165 744 3222 est
770 3177 789 3220 a
807 3159 977 3221 schismate
997 3157 1197 3238 Occidentis,

220 3261 307 3338 qnod
323 3259 362 3321 ab
377 3259 504 3322 Urbano
523 3260 563 3321 Vl
582 3259 734 3342 usquead
756 3257 933 3318 Concilium
954 3257 1198 3336 constantiense

219 3358 419 3439 perduravit,
434 3357 619 3419 anteaenim
628 3357 752 3418 nullum
763 3357 829 3435 ejus
841 3355 1006 3438 vestigium
1016 3355 1201 3434 deprehen·

251 3518 284 3581 (l)
295 3518 383 3579 Bonis,
398 3517 432 3568 De
439 3515 573 3582 principiis
578 3515 649 3580 juris
660 3517 779 3577 canonici,
792 3529 820 3578 p.
840 3519 894 3566 teo.
909 3541 939 3552 —
949 3513 1063 3575 Phillips,
1076 3515 1116 3564 Du
1127 3515 1202 3567 droit

222 3599 407 3664 ecclesiastieae
417 3598 481 3648 dens
493 3611 532 3647 ses
541 3595 667 3680 principes
677 3595 814 3658 peameca,
826 3603 888 3646 tom.
904 3595 944 3657 lll,
958 3610 984 3658 p.
1003 3599 1058 3646 tol.
