2626 4258
463 249 536 294 rans
558 247 721 294 serenus,
954 302 957 310 ¹
1031 246 1081 292 era
1121 230 1125 241 ’

118 374 167 434 ,1.
191 371 379 451 Episcopus
411 371 629 434 consentiente
651 370 807 449 capitulo,
830 373 936 448 potest
961 369 1083 448 erigere

102 471 274 550 dignitates
294 470 443 545 usitatas,
462 487 527 530 non
551 487 624 531 vero
642 469 792 530 insuetas.
815 469 906 530 Ratio
926 471 993 542 est„
1008 467 1083 546 quia

100 569 221 630 creatio
233 569 394 646 dignitatis
404 568 537 630 insueta
548 572 695 630 censetur
706 584 798 628 eausa
808 567 919 645 major,
929 565 1082 627 nonitem

100 667 224 729 creatio
240 665 403 746 dignitatis
419 666 608 728 communis.

141 767 180 826 Il.
201 765 250 826 Ad
274 765 480 826 canonicatus
493 767 578 843 quod
601 765 723 840 attinet,
739 763 943 843 distinguitur
963 761 1083 842 capitu-

100 864 170 924 lum
188 870 373 925 numeratum
387 863 435 924 vel
449 881 506 922 ooo
517 839 712 924 numeratum.

143 961 176 1022 Si
190 962 337 1039 praelixus
358 960 486 1022 luerita
508 963 543 1022 R.
567 961 721 1022 Pontifice
735 977 887 1022 numerus
911 959 1083 1022 canonico-

99 1077 185 1135 rum,
205 1060 334 1120 decreto
346 1059 523 1136 apostolico
538 1060 687 1120 standum
702 1063 760 1120 est.
937 1119 939 1124 .

143 1156 176 1218 Si
191 1173 264 1218 vero
276 1157 451 1235 capitulum
463 1174 528 1218 non
551 1157 591 1218 sit
605 1163 817 1232 numeratum,
833 1157 1009 1236 Episcopus
1024 1173 1083 1236 po·

102 1260 178 1330 test,
203 1254 394 1317 assentiente
424 1245 556 1330 eodem,
588 1273 686 1316 novos
712 1256 915 1318 canonicatus
946 1255 1078 1336 erigere,

100 1353 200 1414 modo
214 1358 321 1414 tamen
334 1353 466 1432 singulis
485 1352 691 1432 prehendam
706 1355 854 1434 assignet.

414 1567 437 1618 2.
450 1566 555 1616 Collatio
569 1566 768 1619 canonicatuum.

140 1717 165 1768 1.
180 1711 228 1766 lus
240 1709 408 1766 conferendi
423 1710 619 1766 canonicatus.

136 1809 165 1862 2.
181 1805 264 1860 Dotes
278 1802 314 1858 ad
327 1800 520 1858 obtinendum
535 1801 750 1858 canonicatum.

398 1981 413 2029 J
415 1995 444 2028 us
456 1980 597 2030 conferendi
614 1979 785 2030 canonicatus.

139 2138 166 2202 J.
185 2139 220 2198 R.
236 2133 397 2217 Pontifices
417 2141 548 2214 possunt
568 2137 720 2214 quasdam
739 2134 924 2196 collationes
945 2133 1006 2194 sihi
1028 2151 1079 2194 re·

99 2253 235 2298 servare.
252 2235 398 2296 Jamvero
409 2252 465 2312 per
477 2237 610 2312 Regulos
624 2233 820 2294 cancellariae
834 2233 894 2293 sibi
908 2237 1076 2308 reservant,

99 2341 217 2414 praeter
241 2333 332 2412 plura
358 2331 528 2403 beneficia,
550 2331 686 2408 primam
714 2331 899 2406 dignitatem
926 2331 1081 2392 Ecclesia-

100 2449 174 2494 runn
188 2429 429 2492 cathedralium.

143 2529 381 2592 Reservationcs
396 2527 502 2606 vigent
516 2527 572 2588 nbi
594 2545 650 2606 per
669 2529 862 2588 concordata
881 2526 924 2587 eis
939 2542 1003 2586 non
1023 2526 1079 2585 de·

100 2633 247 2708 rogatum
271 2619 327 2688 est.
356 2628 391 2686 ln
419 2625 528 2700 Gallia,
555 2626 785 2686 concordatum
809 2625 884 2686 anni
912 2627 986 2686 1801
1015 2610 1079 2684 illis

101 2727 210 2806 quoad
225 2721 388 2804 parochias
400 2723 572 2800 derogavit,
584 2741 647 2783 non
660 2741 732 2784 vero
745 2725 848 2802 quoad
864 2721 1077 2783 canonicatus

99 2825 202 2904 Hujus
213 2820 433 2884 reservationis
445 2819 676 2882 observantiam
686 2822 799 2882 Sancta
811 2823 1081 2897 Sedesnonurget

99 2942 139 2985 ex
155 2919 323 3000 prudentia
338 2925 369 2981 et
383 2919 590 2998 indulgentia,
608 2919 692 2980 salvo
704 2919 785 2998 jure.

142 3022 179 3082 ll.
192 3017 336 3098 Seposita
353 3015 574 3091 reservatione,
592 3015 745 3095 quaritur
759 3034 799 3078 an
814 3014 942 3078 collatio
954 3011 1080 3076 canoni·

100 3111 468 3190 catuumetdignitatnm
479 3109 1079 3188 EcclesiacathedralisadEpiscopum
1135 3134 1138 3138 r

100 3217 133 3274 et
145 3209 323 3289 capitulum
341 3207 538 3286 conjunctim
554 3207 722 3284 pertineat.

141 3315 169 3372 1.
190 3311 252 3368 Ista
269 3303 396 3368 collatio
418 3309 559 3382 spectare
582 3306 689 3382 potest
706 3304 756 3366 vel
772 3305 810 3364 ad
830 3304 934 3364 solum
948 3301 1080 3382 Episco-

99 3407 252 3489 pompei
275 3405 315 3464 ad
329 3403 521 3481 Episcopum
540 3401 694 3480 requisito
708 3399 838 3479 capituli
862 3399 1006 3474 consilio,
1029 3400 1078 3460 vel

99 3507 193 3568 simul
209 3505 249 3563 ad
273 3499 468 3580 Episcopum
483 3505 515 3560 et
529 3499 716 3576 capitulum,
734 3501 781 3562 vel
803 3497 898 3561 etiarn
918 3499 957 3559 ad
974 3498 1077 3558 solum

100 3601 287 3683 capitulum.
