2630 4250
211 209 264 289 iu
376 238 533 286 nxrosrrro
554 234 730 284 unruonrcr
751 237 834 283 sums
857 237 1012 284 canonici.
1079 264 1105 270 --

206 361 353 440 praelatos
389 357 522 418 Ordines
556 371 614 434 pro
648 356 884 432 opportunitate
914 353 1074 416 institutos
1099 370 1178 417 esse.

208 454 353 530 Secundo,
369 471 406 515 ex
417 451 597 515 istiusmodi
612 451 766 512 Ordinum
784 454 881 514 modo
897 452 1001 528 unius,
1024 453 1122 514 modo
1138 453 1181 513 al·

206 554 316 628 terius,
331 558 384 615 aut
399 552 495 614 etiam
511 549 651 630 plurium
671 549 858 626 cessatione,
881 550 1055 626 additione,
1075 551 1182 612 immi·

205 651 354 726 untione,
385 654 417 712 et
439 643 645 729 abrogatione
673 666 744 726 quae
771 653 856 710 certe
884 648 917 709 in
939 666 1007 710 rem
1032 647 1182 710 divinitus

206 747 384 810 institutam
407 747 519 809 eadere
545 751 717 824 nequeunt.
737 743 843 821 Tertio,
864 762 901 806 ex
922 747 1068 826 neglecta
1086 764 1185 824 quan-

198 847 312 924 ,doque
338 845 453 908 horum
477 841 631 904 Ordinem
654 843 824 904 collatione
850 851 921 906 ante
943 844 1182 923 promotionem

206 943 396 1018 adultiores
422 941 549 1004 ordines
570 940 753 1019 respective.
785 940 908 1016 Quarto,
930 959 967 1026 ex
992 943 1054 1004 fine
1083 960 1180 1022 quern

205 1041 349 1102 Ecclesia
363 1039 424 1102 sibi
439 1039 643 1120 potissimum
654 1038 821 1116 proposuit
833 1039 865 1099 iu
879 1039 927 1099 his
938 1038 1105 1101 ordinibus
1118 1040 1184 1100 ius-

206 1137 369 1214 tituendis,
385 1153 441 1198 sne
464 1136 587 1197 scilicet
610 1124 761 1216 neophy'ti
785 1149 948 1196 sacrorum
964 1131 1063 1198 'rudes
1088 1142 1121 1198 et
1146 1137 1184 1199 ti·
1283 1195 1284 1218 ,

206 1251 300 1296 rones
316 1234 403 1302 illico
418 1233 614 1314 presbyterio
626 1233 898 1312 inaugurarentur,
910 1234 1094 1312 priusquam
1107 1235 1183 1297 fidei
1283 1289 1284 1294 ,

206 1333 355 1410 dogmata
368 1336 400 1393 et
412 1335 681 1393 sacramentorum
701 1331 907 1393 caeremonias
921 1331 1110 1394 didicissent
1127 1331 1181 1414 (l).
1283 1343 1284 1356 ¹

244 1429 402 1509 Equidem
414 1428 813 1490 concilium'lridentinum
825 1428 954 1489 uomina
965 1429 1111 1490 etoltlcia
1123 1430 1184 1490 mi·
1283 1425 1284 1434 ’

205 1545 320 1589 norum
336 1527 485 1589 ordinum
495 1527 534 1587 ad
545 1527 650 1605 ipsum
661 1525 801 1588 Ecclesia
814 1525 930 1586 initium
940 1527 1036 1589 refert
1046 1527 1107 1609 (2);
1126 1529 1182 1590 sed
1283 1563 1284 1566 =

205 1645 279 1689 cum
308 1645 373 1688 uon
403 1627 580 1688 definiverit
604 1645 667 1706 quo
694 1633 840 1705 tempore
864 1625 896 1685 id
927 1626 1046 1688 lactum
1074 1626 1183 1700 luerit,
1283 1671 1284 1706 ,

205 1725 296 1785 multi
312 1725 506 1799 existimant,
524 1741 634 1786 omnes
646 1723 786 1785 minores
804 1724 930 1785 ordines
945 1741 1095 1786 unacum
1110 1723 1186 1785 sub·
1209 1799 1217 1804 ᾖ

204 1819 385 1894 diaconatu,
403 1822 596 1900 procedente
619 1827 775 1899 tempore,
795 1819 834 1881 ab
857 1819 999 1882 Ecclesia
1021 1821 1185 1883 institutos
1283 1831 1284 1860 ³

205 1920 417 1981 amavorum
432 1936 506 1980 cum
530 1919 622 1980 initio
639 1918 847 1980 diaconorum
859 1923 964 1998 partes
978 1925 1093 1994 essent,
1109 1938 1183 1998 quae
1283 1901 1284 1918 ³

205 2015 383 2078 labentibus
401 2016 491 2077 annis
504 2016 663 2078 minorum
676 2015 866 2078 clericorum
878 2017 1017 2096 propria
1036 2034 1105 2078 esse
1120 2034 1187 2078 cm·
1283 2053 1284 2060 κ

205 2119 332 2192 parunt,
360 2113 500 2176 minores
524 2113 652 2175 ordines
676 2113 799 2194 origine
820 2132 875 2175 sua
896 2115 1082 2194 generatim,
1101 2112 1187 2176 vide
1283 2149 1284 2182 r

204 2211 281 2272 licet
304 2221 456 2290 quatenus
482 2211 651 2272 diaconatu
681 2211 1048 2290 comprehendebantur,
1073 2213 1114 2272 ad
1134 2211 1187 2292 ip·
1283 2193 1284 2218 ³

204 2323 271 2367 sam
284 2308 376 2387 hujus
389 2309 509 2370 ordinis
528 2307 762 2370 institutionem
775 2309 967 2370 referuntur.

244 2408 353 2484 ltaque
365 2407 397 2465 in
409 2406 577 2482 diaconatu
592 2407 683 2486 plura
702 2405 865 2468 etdiversa
882 2411 971 2468 erant
992 2405 1182 2481 ministeria,

205 2523 275 2584 quae
298 2505 428 2584 quidem
449 2505 590 2584 primum
611 2503 785 2565 adiaconis
809 2503 891 2564 oblri
919 2509 1076 2582 poterant.
1094 2505 1187 2566 Gres-
1283 2539 1284 2544 κ

203 2609 295 2664 cente
313 2619 388 2664 vero
410 2602 555 2663 fidelium
573 2606 604 2662 et
624 2599 843 2662 ministrorum
854 2618 1001 2676 numero,
1023 2618 1099 2663 cum
1114 2600 1185 2662 dia-

204 2701 277 2761 coni
292 2718 382 2779 pares
395 2717 460 2760 non
475 2703 580 2761 essent
592 2697 740 2760 omnibus
751 2697 800 2758 his
810 2699 995 2760 muneribus
1010 2698 1181 2774 obeundis,
1283 2695 1284 2698 ’

203 2797 347 2859 Ecclesia
362 2797 457 2859 veluti
472 2802 577 2876 partes
591 2796 744 2875 quasdam
759 2812 796 2856 ex
819 2795 989 2857 diaconatu
1007 2795 1181 2876 decerpsit,

202 2912 239 2957 ao
253 2913 312 2976 pro
329 2895 461 2975 singulis
474 2894 621 2974 proprios
643 2893 772 2956 ordines
789 2893 928 2954 instituit
944 2891 1000 2973 (3).

233 3075 271 3141 (1)
282 3078 372 3140 norm,
385 3077 420 3126 Da
433 3077 515 3144 sooria
528 3075 738 3136 adaperientur,
750 3075 898 3126 Exercitatio
911 3077 949 3128 ll.
1045 3115 1048 3123 i

234 3155 270 3218 (a)
280 3157 419 3214 Concilium
426 3151 606 3222 tridentinum,
617 3171 680 3214 sem.
696 3157 787 3216 xxut,
805 3169 859 3220 cap.
872 3170 901 3208 u.
915 3182 948 3194 -
962 3157 1060 3219 Davom
1070 3157 1182 3208 Institu-

201 3237 355 3286 tionumlib.
373 3239 448 3297 l‚tit.
466 3243 491 3288 2.
525 3255 528 3263 “

235 3314 270 3377 (3)
284 3315 431 3366 Benedictus
445 3315 511 3378 XlV,
527 3315 561 3366 De
574 3315 670 3380 synodo
683 3313 835 3378 dioecesana,
849 3314 891 3364 lib.
905 3315 1031 3380 Vlll,cap.
1048 3329 1085 3366 rx.
