2630 4250
247 255 298 304 les
401 256 556 305 arnostum
577 253 754 302 HETEODICA
774 253 858 300 runis
879 255 1035 304 canotum.

242 372 407 436 horrorem
426 379 480 436 aut
501 373 601 448 risum
622 377 756 435 moveat.
782 374 916 452 Propter
941 372 1085 454 corporis
1104 372 1220 438 debili-

242 475 341 532 tatem
358 470 544 552 irregulares
563 475 636 531 sunt
654 469 802 546 mutilati,
822 471 912 547 caeci,
930 471 1025 547 muti,
1042 473 1216 553 paralytici.

242 565 289 628 Ob
323 569 558 630 deformitatem
587 567 774 646 irregulares
803 574 876 630 sunt
905 568 1072 648 insigniter
1094 569 1220 630 claudi·

245 669 364 740 cantes,
394 684 458 727 uno
486 667 579 728 oculo
608 664 711 726 orbati
743 665 922 743 praesertim
953 665 1092 742 sinistro,
1121 684 1221 744 quem

245 761 374 823 oculum
383 761 646 823 cananisvocant.
656 760 689 822 Si
703 760 836 821 dubium
849 761 899 836 sit,
908 779 948 821 an
958 762 1101 841 corporis
1111 763 1222 825 delec-

243 863 293 920 tus
308 858 413 922 obstet
435 859 540 921 ordini
563 857 779 936 suscipiendo,
795 858 950 934 judicium
967 859 1007 919 ad
1026 859 1221 940 Episcopum
1297 913 1298 948 r

243 961 383 1036 spectat;
401 957 596 1039 dispensatio
609 961 716 1018 autem
734 957 878 1018 Romano
891 957 1037 1018 Pontifici
1052 958 1219 1038 competit.
1297 989 1298 1000 r

282 1056 321 1116 ΙΙ.
343 1055 392 1116 Ad
408 1055 548 1117 defectus
560 1053 659 1115 animi
674 1054 876 1116 referuntur:
1007 1132 1008 1138 ἵ
1217 1065 1219 1069 ’
1297 1109 1298 1120 ,

284 1157 312 1214 l.
329 1151 467 1232 Defectus
480 1153 603 1214 rationis
614 1169 764 1214 seusanae
781 1151 907 1230 mentis,
925 1173 954 1218 v.
964 1171 993 1232 g.
1008 1154 1222 1216 excluduntur
1297 1141 1298 1226 Ῑ

243 1257 396 1324 amentes,
413 1249 533 1312 furiosi.
1174 1235 1184 1257 ⁸

282 1351 311 1410 t.
329 1345 611 1428 Defectusscieutioe.
622 1347 812 1424 Irregulares
830 1351 903 1408 sunt
915 1347 1081 1421 illitterati,
1094 1348 1223 1428 quinon
1297 1357 1298 1432 ζ

242 1444 361 1507 habent
376 1445 554 1506 doctrinam
575 1462 633 1523 pro
656 1444 787 1505 diversis
807 1444 972 1507 ordinibus
995 1445 1222 1508 necessariam.

225 1541 406 1654 judicium
420 1541 460 1604 ab
475 1541 634 1621 Episcopo
649 1542 816 1603 ferendum
833 1547 889 1602 est.
1297 1619 1298 1630 2

208 1631 224 1651 “
282 1645 310 1704 3.
329 1640 467 1722 Defectus
479 1639 552 1722 fidei
558 1639 750 1722 confirmata.
766 1643 873 1719 Nuper
884 1639 1033 1720 baptizati
1044 1659 1100 1704 seu
1110 1659 1223 1706 recens
1297 1673 1298 1676 π

242 1738 386 1802 conversi
406 1739 444 1800 ab
468 1737 633 1800 ordinibus
653 1739 861 1816 repelluntur,
886 1739 988 1826 donec
1004 1726 1128 1818 judicio
1150 1740 1224 1820 Epi·
1297 1747 1298 1756 ‘

243 1835 332 1915 scopi
358 1835 552 1898 sufficienter
569 1835 715 1897 instructi
741 1835 813 1898 sint.
836 1837 955 1898 Eadem
978 1837 1017 1899 de
1040 1855 1134 1900 causa
1158 1858 1223 1902 sus-

235 1934 350 2018 ceptio
360 1933 611 1996 confirmationis
627 1925 1073 2018 requiriturad'recipiendam
1083 1937 1224 2018 primam

243 2037 419 2094 tonsuram.

283 2132 314 2190 4.
335 2127 474 2208 Defectus
490 2128 668 2190 sacramenti
681 2128 902 2210 (matrimonii)
916 2130 1073 2212 bigamiam
1087 2133 1222 2209 indicat,

243 2226 458 2306 quae'triplex
485 2231 554 2290 est:
574 2244 657 2304 vera,
678 2227 925 2308 interpretativa,
954 2229 1222 2292 similitudinarie.

243 2323 365 2404 Bigami
377 2324 443 2386 aeri
458 2325 607 2388 dicuntur
620 2325 760 2405 plurium
775 2343 909 2388 uxorum
924 2327 1040 2404 mariti,
1058 2327 1113 2408 qui
1126 2329 1225 2390 nimi·

242 2421 314 2484 rum
333 2428 459 2485 mortua
472 2423 576 2502 prima
591 2441 690 2486 uxore
707 2425 842 2486 alterum
862 2425 1046 2506 conjugium
1067 2426 1223 2490 inierunt.

243 2519 342 2600 Hujus
365 2519 604 2598 irregularitatis
630 2522 713 2584 ratio
734 2526 793 2598 est,
828 2521 891 2584 sive
922 2523 1059 2610 suspicio
1084 2525 1226 2588 inconti-

242 2619 371 2694 nentias,
390 2617 455 2680 sive
478 2618 621 2680 delectus
644 2619 725 2699 sigui
750 2636 813 2700 quo
834 2622 981 2684 secundae
1009 2621 1131 2702 nuptiae
1157 2640 1224 2685 non

242 2717 425 2797 exprimunt
439 2705 589 2778 unionem
600 2717 713 2780 Christi
725 2735 799 2804 cum
809 2719 905 2782 unica
914 2720 1064 2783 Ecclesia.
1078 2720 1225 2802 Bigamia
1297 2717 1298 2730 ¹

242 2813 467 2896 interpretativa
482 2815 682 2878 contrahitur
698 2816 737 2877 ab
757 2835 807 2894 eo,
826 2818 878 2900 qui
894 2818 1021 2880 viduam
1034 2824 1088 2881 aut
1107 2818 1224 2880 mulie-

234 2911 310 2977 rem
323 2913 363 2974 ab
379 2913 441 2974 alio
456 2921 637 2992 corruptam
653 2913 742 2976 ducit
756 2933 901 2978 uxorem.
1025 2995 1027 3002 Ι

280 3005 529 3072 Similitudiuaria
543 3011 681 3090 bigamia
700 3019 747 3074 est
761 3030 882 3088 eorum,
901 3011 955 3090 qui
973 3010 1006 3072 in
1020 3013 1118 3076 sacris
1133 3013 1224 3076 ordi-

241 3108 334 3170 nibus
357 3109 532 3183 constituti‚
555 3115 611 3172 aut
632 3109 767 3172 solemni
789 3116 861 3172 voto
884 3108 1037 3172 eastitatis
1061 3111 1219 3188 adstricti,

241 3206 1218 3288 postconjugiumspiritualealiasearnalesnuptiasattentant;

240 3305 289 3366 vel
312 3306 407 3367 etiam
420 3306 474 3384 qui
490 3305 661 3386 virginibus
676 3307 740 3367 Deo
758 3306 870 3369 dicatis
895 3313 1043 3386 tanquam
1067 3307 1220 3370 uxoribus

241 3402 425 3466 abutuntur.
442 3406 516 3466 Haec
539 3410 645 3466 autem
668 3401 805 3484 bigamia
827 3405 977 3486 sacrilega
997 3405 1122 3469 inducit
1139 3408 1219 3470 irre-

242 3500 441 3582 gularitatem
455 3519 493 3562 ex
507 3501 636 3563 delicto.

283 3597 312 3662 5.
334 3596 471 3678 Defectus
484 3597 610 3659 leuitatis
624 3615 679 3659 eos
695 3599 881 3680 irregulares
896 3599 1005 3677 eflicit,
1025 3602 1079 3681 qni
1095 3603 1216 3665 directe
