2630 4250
220 239 271 288 idi
375 236 532 286 Exnosmo
553 233 734 314 nuncluce
753 231 836 285 sums
859 233 1016 282 cenorum.

218 360 326 441 dinero
344 359 477 438 possunt
497 355 553 435 (ι).
570 355 651 416 Hinc
664 354 815 436 Episcopi
833 353 889 434 qui
903 354 953 416 vel
967 354 1122 443 populum
1137 353 1206 416 sibi

217 457 396 538 subjectum
408 472 473 517 non
486 453 615 532 babent,
628 470 657 514 ι.
675 471 705 532 g.
722 453 872 532 Episcopi
886 451 1069 534 inpartibus
1083 451 1205 514 inlide-

217 555 308 630 lium,
324 555 372 618 vel
392 552 589 635 episcopatui
603 571 659 614 sno
674 551 912 627 renuntiarunt,
922 551 1050 614 nonnisi
1065 552 1104 614 de
1117 551 1204 614 altc-

218 652 283 716 rius
295 652 444 734 Episcopi
459 652 587 714 licentia
600 649 729 716 ordines
744 651 923 714 conferunt.
952 705 954 712 ,
978 681 980 686 ·

257 750 303 812 Ex
324 750 447 832 legibus
469 748 690 812 ecclesiasticis
714 748 768 828 (E),
794 748 970 828 Episcopus
990 751 1096 828 potest
1124 763 1209 828 que-

218 848 354 928 druplici
370 849 467 910 modo
486 848 662 932 Episcopus
683 847 933 908 ordinandorum
954 845 1106 926 proprius
1118 862 1204 922 esse,

218 947 365 1010 videlicet
380 965 388 1009 ε
1094 1013 1096 1017 ,

257 1046 281 1110 Ι.
300 1045 366 1108 list
345 1051 431 1108 tione
442 1045 562 1128 oripints
576 1045 631 1108 ille
645 1044 821 1126 Episcopus
833 1043 981 1128 proprius
995 1041 1177 1118 censetur,‘
1168 1059 1208 1104 ιιι

217 1144 307 1224 cujus
330 1145 459 1208 dioecesi
481 1151 590 1224 pater,
614 1146 692 1208 dum
708 1145 904 1206 ordinandus
923 1141 1123 1268 nascebatur,
1142 1141 1208 1202 do-

217 1243 376 1306 micilium
390 1244 512 1316 habuit.

256 1343 294 1405 ΙΙ.
309 1343 441 1406 Ratione
453 1341 595 1404 domicilii
601 1343 777 1423 Episcopus
790 1339 936 1422 proprius
951 1339 978 1400 is
991 1343 1040 1403 est
1043 1339 1097 1419 ,ιιι
1110 1339 1206 1418 cujus

218 1440 346 1504 dioecesi
370 1441 577 1518 ordinandus,
599 1441 743 1521 quamvis
765 1439 842 1502 alibi
865 1443 959 1500 natus
973 1437 1080 1514 tuerit,
1105 1437 1205 1501 fixam

216 1541 324 1602 sedem
336 1541 433 1604 habet
446 1541 604 1604 exanimo
619 1537 839 1621 permanendi.
892 1593 897 1602 .

256 1640 307 1700 lli.
330 1639 464 1702 Ratione
485 1637 617 1721 bericficr’i
631 1638 807 1718 Episcopus
823 1634 973 1715 proprius
995 1633 1051 1696 ille
1067 1633 1200 1710 dicitur,
1301 1645 1302 1676 l

216 1737 250 1798 in
268 1737 358 1816 cujus
373 1737 503 1802 dioecesi
523 1737 638 1816 aliquis
660 1735 803 1815 possidet
824 1733 1017 1796 beneficium
1038 1732 1205 1797 sufficiens

216 1835 256 1895 sd
270 1834 437 1897 decentem
453 1835 526 1896 vitoe
539 1833 812 1896 sustentationem.
830 1831 1108 1904 Quemadmodum
1120 1831 1205 1892 olim

216 1932 284 2012 ipsc
302 1931 458 1997 ordinatio
473 1931 626 1993 clericum
641 1935 738 1995 certae
756 1929 908 1993 Ecclesiae
921 1927 1134 2004 adscribebat,
1158 1927 1205 1991 ita

215 2029 311 2092 hodic
324 2029 515 2092 beneficium
531 2029 608 2092 tecit
625 2028 778 2092 clericum
799 2027 981 2090 ministrum
1000 2027 1154 2092 Ecclesiae
1169 2031 1205 2090 et

216 2127 376 2208 Episcopo
396 2129 586 2207 subjectum.
1301 2121 1302 2124 '

255 2225 307 2288 IV.
325 2225 458 2286 Ratione
471 2223 700 2306 familiaritatis,
719 2224 896 2304 Episcopus
910 2228 1017 2303 potest
1035 2223 1127 2284 illum
1144 2241 1202 2286 or·
1301 2213 1302 2230 ¹

216 2323 337 2402 dirrare,
357 2342 454 2403 quem
471 2343 528 2406 per
541 2324 742 2388 triennium?
734 2342 768 2387 in
786 2341 843 2384 suo
865 2323 995 2386 servitio
1014 2337 1123 2384 secum
1141 2323 1201 2384 hu-

214 2421 298 2498 buit,
275 2427 351 2484 tac
364 2423 427 2484 suis
442 2428 548 2502 sumpt
536 2422 621 2484 tibus
634 2422 723 2498 aluit,
741 2422 918 2483 dummodo
931 2421 1013 2484 intra
1023 2421 1200 2484 terminum

215 2518 308 2580 unius
322 2521 440 2582 mensis
451 2521 483 2582 ci
498 2521 640 2584 conterat
654 2519 859 2582 beneficium.

254 2617 456 2698 Regularium
475 2619 725 2681 ordinandorum
743 2619 891 2698 proprius
907 2617 1146 2698 Episcopusest
1160 2618 1201 2680 il·

215 2715 276 2778 lius
290 2717 447 2794 diaecesis,
464 2717 547 2780 intra
561 2735 656 2796 quam
669 2704 731 2779 sita
743 2720 791 2778 est
806 2718 920 2778 domus
934 2716 1101 2796 religiose..

254 2815 410 2876 Ordinans
423 2815 563 2878 alienum
583 2815 800 2878 dioecescnum
820 2813 1025 2890 scollatione
1046 2814 1201 2880 ordinum

214 2912 418 2992 suspenditur
437 2929 495 2992 per
515 2929 650 2988 annum3
676 2913 841 2974 ordinatus
854 2927 928 2972 vero
942 2928 960 2971 a
975 2917 1200 2992 susceptorum
1301 2929 1302 2932 ’

215 3011 364 3072 ordinum
391 3009 577 3072 executione
612 3027 781 3090 suspensus
803 3013 867 3084 est,
895 3009 1037 3088 quandiu
1064 3011 1200 3092 proprio

214 3105 381 3170 Ordinoric
391 3107 552 3170 videbitur
564 3110 727 3188 expedire.

245 3281 281 3344 (1)
293 3283 431 3332 &nullium
445 3283 513 3334 Trid.
525 3283 603 3347 (sess.
618 3283 658 3347 Vl,
670 3285 707 3334 Dc
721 3285 839 3349 reform„
850 3295 907 3344 cap.
917 3282 960 3344 vir
974 3301 988 3326 «
998 3283 1065 3333 liciti
1075 3283 1199 3347 Episcopo

211 3361 286 3412 licem
298 3363 451 3424 pontificalis
463 3363 488 3414 ιιι
506 3365 610 3416 merlus
626 3366 728 3422 ‹tioecesi
746 3377 869 3426 exercerc,
886 3363 935 3412 uisi
956 3363 987 3412 de
1001 3363 1130 3419 ordonii
1146 3367 1197 3418 loci

213 3443 446 3510 expressoiioentis‚
457 3451 483 3494 et
492 3443 518 3494 ιιι
533 3445 737 3508 personuseidem
752 3444 886 3498 Ordinatio
895 3444 1020 3504 subjectas
1033 3451 1141 3496 tantum.
1157 3467 1170 3493 s

246 3527 279 3585 (2)
294 3524 357 3584 Cup.
378 3537 417 3581 ιιι,
434 3525 469 3572 De
482 3525 634 3588 temporibus
646 3527 844 3585 ordinationum,
856 3525 883 3574 in
899 3523 938 3574 VI.
955 3551 986 3561 -
997 3525 1134 3576 innocentii
1148 3526 1198 3578 xil

212 3602 356 3654 constitutio
367 3602 550 3668 Speculatores,
562 3617 627 3656 euno
640 3607 709 3658 itti.
