<?xml version="1.0" encoding="UTF-8"?>
<!DOCTYPE html PUBLIC "-//W3C//DTD XHTML 1.0 Transitional//EN"
    "http://www.w3.org/TR/xhtml1/DTD/xhtml1-transitional.dtd">
<html xmlns="http://www.w3.org/1999/xhtml" xml:lang="en" lang="en">
 <head>
  <title>
</title>
<meta http-equiv="Content-Type" content="text/html;charset=utf-8" />
  <meta name='ocr-system' content='tesseract 3.04.00' />
  <meta name='ocr-capabilities' content='ocr_page ocr_carea ocr_par ocr_line ocrx_word'/>
</head>
<body>
  <div class='ocr_page' id='page_1' title='image "./expositiomethod00hugugoog_0212.png"; bbox 0 0 2630 4250; ppageno 0'>
   <div class='ocr_carea' id='block_1_1' title="bbox 462 283 723 355">
    <p class='ocr_par' dir='ltr' id='par_1_1' title="bbox 462 283 723 355">
     <span class='ocr_line' id='line_1_1' title="bbox 462 283 723 355; baseline 0.011 -25"><span class='ocrx_word' id='word_1_1' title='bbox 462 283 537 330; x_wconf 79' lang='lat' dir='ltr'>PARS</span> <span class='ocrx_word' id='word_1_2' title='bbox 558 283 723 355; x_wconf 54' lang='lat' dir='ltr'>spectatus,</span> 
     </span>
    </p>
   </div>
   <div class='ocr_carea' id='block_1_2' title="bbox 465 491 785 549">
    <p class='ocr_par' dir='ltr' id='par_1_2' title="bbox 465 491 785 549">
     <span class='ocr_line' id='line_1_2' title="bbox 465 491 785 549; baseline 0.006 -1"><span class='ocrx_word' id='word_1_3' title='bbox 465 491 717 549; x_wconf 72' lang='lat' dir='ltr'>Anncunusl</span> <span class='ocrx_word' id='word_1_4' title='bbox 783 507 785 512; x_wconf 82' lang='lat'>&#39;</span> 
     </span>
    </p>
   </div>
   <div class='ocr_carea' id='block_1_3' title="bbox 384 649 793 692">
    <p class='ocr_par' dir='ltr' id='par_1_3' title="bbox 384 649 793 692">
     <span class='ocr_line' id='line_1_3' title="bbox 384 649 793 692; baseline 0.005 -2"><span class='ocrx_word' id='word_1_5' title='bbox 384 651 418 690; x_wconf 84' lang='lat' dir='ltr'>DE</span> <span class='ocrx_word' id='word_1_6' title='bbox 436 649 601 690; x_wconf 74' lang='lat' dir='ltr'>ceumcouuu</span> <span class='ocrx_word' id='word_1_7' title='bbox 622 651 793 692; x_wconf 76' lang='lat' dir='ltr'>ruivusous.</span> 
     </span>
    </p>
   </div>
   <div class='ocr_carea' id='block_1_4' title="bbox 91 793 1081 1562">
    <p class='ocr_par' dir='ltr' id='par_1_4' title="bbox 91 793 1081 1250">
     <span class='ocr_line' id='line_1_4' title="bbox 136 793 1078 877; baseline 0.006 -21"><span class='ocrx_word' id='word_1_8' title='bbox 136 794 189 856; x_wconf 84' lang='lat' dir='ltr'>Ad</span> <span class='ocrx_word' id='word_1_9' title='bbox 205 793 392 875; x_wconf 85' lang='lat' dir='ltr'>dignitatem</span> <span class='ocrx_word' id='word_1_10' title='bbox 405 795 596 857; x_wconf 84' lang='lat' dir='ltr'>clericorum</span> <span class='ocrx_word' id='word_1_11' title='bbox 615 795 836 859; x_wconf 86' lang='lat' dir='ltr'>honorandam</span> <span class='ocrx_word' id='word_1_12' title='bbox 856 798 941 860; x_wconf 88' lang='lat' dir='ltr'>varia</span> <span class='ocrx_word' id='word_1_13' title='bbox 956 799 1027 877; x_wconf 90' lang='lat' dir='ltr'>jura</span> <span class='ocrx_word' id='word_1_14' title='bbox 1047 805 1078 862; x_wconf 88' lang='lat' dir='ltr'>et</span> 
     </span>
     <span class='ocr_line' id='line_1_5' title="bbox 92 892 1081 978; baseline 0.004 -24"><span class='ocrx_word' id='word_1_15' title='bbox 92 892 264 974; x_wconf 75' lang='lat' dir='ltr'>privilegia</span> <span class='ocrx_word' id='word_1_16' title='bbox 277 894 397 956; x_wconf 88' lang='lat' dir='ltr'>eisdem</span> <span class='ocrx_word' id='word_1_17' title='bbox 410 893 605 956; x_wconf 83' lang='lat' dir='ltr'>tribuuntur.</span> <span class='ocrx_word' id='word_1_18' title='bbox 617 897 691 956; x_wconf 78' lang='lat' dir='ltr'>Haeo</span> <span class='ocrx_word' id='word_1_19' title='bbox 707 900 814 958; x_wconf 88' lang='lat' dir='ltr'>autem</span> <span class='ocrx_word' id='word_1_20' title='bbox 828 897 992 976; x_wconf 85' lang='lat' dir='ltr'>privilegia</span> <span class='ocrx_word' id='word_1_21' title='bbox 1004 904 1081 978; x_wconf 76' lang='lat' dir='ltr'>sunt</span> 
     </span>
     <span class='ocr_line' id='line_1_6' title="bbox 91 991 1077 1073; baseline 0.003 -20"><span class='ocrx_word' id='word_1_22' title='bbox 91 992 146 1053; x_wconf 88' lang='lat' dir='ltr'>vel</span> <span class='ocrx_word' id='word_1_23' title='bbox 162 991 311 1070; x_wconf 83' lang='lat' dir='ltr'>specialia</span> <span class='ocrx_word' id='word_1_24' title='bbox 323 992 437 1073; x_wconf 86' lang='lat' dir='ltr'>quibus</span> <span class='ocrx_word' id='word_1_25' title='bbox 448 993 593 1054; x_wconf 79' lang='lat' dir='ltr'>nonnulli</span> <span class='ocrx_word' id='word_1_26' title='bbox 606 995 719 1071; x_wconf 85' lang='lat' dir='ltr'>gradus</span> <span class='ocrx_word' id='word_1_27' title='bbox 728 995 914 1057; x_wconf 69' lang='lat' dir='ltr'>hierarchia</span> <span class='ocrx_word' id='word_1_28' title='bbox 927 1013 1077 1058; x_wconf 83' lang='lat' dir='ltr'>exornan-</span> 
     </span>
     <span class='ocr_line' id='line_1_7' title="bbox 91 1090 1077 1174; baseline 0.002 -22"><span class='ocrx_word' id='word_1_29' title='bbox 91 1091 162 1166; x_wconf 89' lang='lat' dir='ltr'>tur,</span> <span class='ocrx_word' id='word_1_30' title='bbox 177 1091 225 1152; x_wconf 87' lang='lat' dir='ltr'>vel</span> <span class='ocrx_word' id='word_1_31' title='bbox 235 1090 384 1153; x_wconf 89' lang='lat' dir='ltr'>omnihus</span> <span class='ocrx_word' id='word_1_32' title='bbox 399 1091 523 1155; x_wconf 84' lang='lat' dir='ltr'><strong>clericis</strong></span> <span class='ocrx_word' id='word_1_33' title='bbox 533 1091 728 1168; x_wconf 86' lang='lat' dir='ltr'>communia,</span> <span class='ocrx_word' id='word_1_34' title='bbox 745 1093 783 1154; x_wconf 90' lang='lat' dir='ltr'>de</span> <span class='ocrx_word' id='word_1_35' title='bbox 795 1091 909 1172; x_wconf 89' lang='lat' dir='ltr'>quibus</span> <span class='ocrx_word' id='word_1_36' title='bbox 919 1095 1077 1174; x_wconf 81' lang='lat' dir='ltr'>agendum</span> 
     </span>
     <span class='ocr_line' id='line_1_8' title="bbox 95 1192 696 1250; baseline 0.007 -2"><span class='ocrx_word' id='word_1_37' title='bbox 95 1192 158 1250; x_wconf 86' lang='lat' dir='ltr'>est.</span> <span class='ocrx_word' id='word_1_38' title='bbox 693 1195 696 1199; x_wconf 89' lang='grc'>’</span> 
     </span>
    </p>

    <p class='ocr_par' dir='ltr' id='par_1_5' title="bbox 97 1285 1077 1562">
     <span class='ocr_line' id='line_1_9' title="bbox 136 1285 1077 1368; baseline 0.003 -21"><span class='ocrx_word' id='word_1_39' title='bbox 136 1287 184 1347; x_wconf 79' lang='lat' dir='ltr'>Ex</span> <span class='ocrx_word' id='word_1_40' title='bbox 199 1285 372 1368; x_wconf 85' lang='lat' dir='ltr'>privilegiis</span> <span class='ocrx_word' id='word_1_41' title='bbox 385 1287 620 1364; x_wconf 86' lang='lat' dir='ltr'>communibus,</span> <span class='ocrx_word' id='word_1_42' title='bbox 640 1289 703 1350; x_wconf 87' lang='lat' dir='ltr'>duo</span> <span class='ocrx_word' id='word_1_43' title='bbox 716 1293 789 1350; x_wconf 91' lang='lat' dir='ltr'>sunt</span> <span class='ocrx_word' id='word_1_44' title='bbox 808 1290 1013 1365; x_wconf 88' lang='lat' dir='ltr'>attendenda,</span> <span class='ocrx_word' id='word_1_45' title='bbox 1029 1291 1077 1352; x_wconf 82' lang='lat' dir='ltr'>vi-</span> 
     </span>
     <span class='ocr_line' id='line_1_10' title="bbox 97 1385 1075 1468; baseline 0.008 -24"><span class='ocrx_word' id='word_1_46' title='bbox 97 1385 219 1447; x_wconf 86' lang='lat' dir='ltr'>delieet</span> <span class='ocrx_word' id='word_1_47' title='bbox 231 1385 425 1468; x_wconf 73' lang='lat' dir='ltr'>privileqium</span> <span class='ocrx_word' id='word_1_48' title='bbox 446 1387 562 1448; x_wconf 81' lang='lat' dir='ltr'>cononis</span> <span class='ocrx_word' id='word_1_49' title='bbox 581 1391 612 1448; x_wconf 87' lang='lat' dir='ltr'>et</span> <span class='ocrx_word' id='word_1_50' title='bbox 636 1388 827 1450; x_wconf 83' lang='lat' dir='ltr'>clericorum</span> <span class='ocrx_word' id='word_1_51' title='bbox 849 1385 1015 1450; x_wconf 65' lang='lat' dir='ltr'>ammanitas</span> <span class='ocrx_word' id='word_1_52' title='bbox 1036 1389 1075 1452; x_wconf 86' lang='lat' dir='ltr'>ad</span> 
     </span>
     <span class='ocr_line' id='line_1_11' title="bbox 97 1485 541 1562; baseline 0.005 -18"><span class='ocrx_word' id='word_1_53' title='bbox 97 1501 197 1562; x_wconf 87' lang='lat' dir='ltr'>quam</span> <span class='ocrx_word' id='word_1_54' title='bbox 211 1489 327 1546; x_wconf 83' lang='lat' dir='ltr'>oaetera</span> <span class='ocrx_word' id='word_1_55' title='bbox 339 1485 520 1546; x_wconf 81' lang='lat' dir='ltr'>reseruntur</span> <span class='ocrx_word' id='word_1_56' title='bbox 534 1504 541 1546; x_wconf 76' lang='grc' dir='ltr'><strong><em>ε</em></strong></span> 
     </span>
    </p>
   </div>
   <div class='ocr_carea' id='block_1_5' title="bbox 131 1617 588 1774">
    <p class='ocr_par' dir='ltr' id='par_1_6' title="bbox 131 1617 588 1774">
     <span class='ocr_line' id='line_1_12' title="bbox 131 1617 546 1688; baseline 0 -16"><span class='ocrx_word' id='word_1_57' title='bbox 131 1621 148 1684; x_wconf 69' lang='lat'><strong>5</strong></span> <span class='ocrx_word' id='word_1_58' title='bbox 168 1620 197 1674; x_wconf 88' lang='lat' dir='ltr'>l.</span> <span class='ocrx_word' id='word_1_59' title='bbox 218 1617 546 1688; x_wconf 82' lang='lat' dir='ltr'>Pririlegiumcanonis.</span> 
     </span>
     <span class='ocr_line' id='line_1_13' title="bbox 132 1705 588 1774; baseline -0.002 -12"><span class='ocrx_word' id='word_1_60' title='bbox 132 1709 149 1774; x_wconf 65' lang='grc' dir='ltr'><strong>ἓ</strong></span> <span class='ocrx_word' id='word_1_61' title='bbox 165 1709 197 1762; x_wconf 82' lang='lat'>2.</span> <span class='ocrx_word' id='word_1_62' title='bbox 217 1707 389 1764; x_wconf 85' lang='lat' dir='ltr'>immunitas</span> <span class='ocrx_word' id='word_1_63' title='bbox 403 1705 588 1764; x_wconf 86' lang='lat' dir='ltr'>clericorum.</span> 
     </span>
    </p>
   </div>
   <div class='ocr_carea' id='block_1_6' title="bbox 344 1881 826 1950">
    <p class='ocr_par' dir='ltr' id='par_1_7' title="bbox 344 1881 826 1950">
     <span class='ocr_line' id='line_1_14' title="bbox 344 1881 826 1950; baseline 0.002 -15"><span class='ocrx_word' id='word_1_64' title='bbox 344 1882 399 1948; x_wconf 66' lang='grc'>51.</span> <span class='ocrx_word' id='word_1_65' title='bbox 418 1911 446 1922; x_wconf 88' lang='lat'>·-</span> <span class='ocrx_word' id='word_1_66' title='bbox 462 1881 768 1950; x_wconf 70' lang='lat' dir='ltr'>Pririleuiumoanonis</span> <span class='ocrx_word' id='word_1_67' title='bbox 786 1883 826 1946; x_wconf 85' lang='lat'>(1).</span> 
     </span>
    </p>
   </div>
   <div class='ocr_carea' id='block_1_7' title="bbox 91 2032 1076 3393">
    <p class='ocr_par' dir='ltr' id='par_1_8' title="bbox 1 2032 1076 3010">
     <span class='ocr_line' id='line_1_15' title="bbox 133 2032 1076 2117; baseline 0.002 -21"><span class='ocrx_word' id='word_1_68' title='bbox 133 2037 222 2098; x_wconf 87' lang='lat' dir='ltr'>Istud</span> <span class='ocrx_word' id='word_1_69' title='bbox 238 2035 449 2116; x_wconf 84' lang='lat' dir='ltr'>privilegium,</span> <span class='ocrx_word' id='word_1_70' title='bbox 462 2055 526 2117; x_wconf 92' lang='lat' dir='ltr'>quo</span> <span class='ocrx_word' id='word_1_71' title='bbox 543 2053 688 2116; x_wconf 84' lang='lat' dir='ltr'>persouae</span> <span class='ocrx_word' id='word_1_72' title='bbox 703 2032 1076 2110; x_wconf 77' lang='lat' dir='ltr'>eeclesiastioaereddun-</span> 
     </span>
     <span class='ocr_line' id='line_1_16' title="bbox 93 2135 1075 2210; baseline -0.001 -14"><span class='ocrx_word' id='word_1_73' title='bbox 93 2141 148 2196; x_wconf 87' lang='lat' dir='ltr'>tur</span> <span class='ocrx_word' id='word_1_74' title='bbox 171 2135 383 2210; x_wconf 65' lang='lat' dir='ltr'>inviolabiles</span> <span class='ocrx_word' id='word_1_75' title='bbox 400 2136 442 2198; x_wconf 90' lang='lat' dir='ltr'>ita</span> <span class='ocrx_word' id='word_1_76' title='bbox 460 2136 581 2198; x_wconf 85' lang='lat' dir='ltr'>dietum</span> <span class='ocrx_word' id='word_1_77' title='bbox 603 2136 664 2197; x_wconf 86' lang='lat' dir='ltr'>fuit</span> <span class='ocrx_word' id='word_1_78' title='bbox 688 2153 706 2196; x_wconf 85' lang='lat' dir='ltr'>a</span> <span class='ocrx_word' id='word_1_79' title='bbox 732 2155 853 2200; x_wconf 86' lang='lat' dir='ltr'>canone</span> <span class='ocrx_word' id='word_1_80' title='bbox 877 2153 917 2198; x_wconf 84' lang='lat' dir='ltr'>xv</span> <span class='ocrx_word' id='word_1_81' title='bbox 947 2136 1075 2198; x_wconf 81' lang='lat' dir='ltr'>concilii</span> 
     </span>
     <span class='ocr_line' id='line_1_17' title="bbox 93 2233 1074 2317; baseline 0.001 -22"><span class='ocrx_word' id='word_1_82' title='bbox 93 2234 317 2296; x_wconf 85' lang='lat' dir='ltr'>Lateranensis</span> <span class='ocrx_word' id='word_1_83' title='bbox 334 2236 361 2296; x_wconf 88' lang='lat' dir='ltr'>ll</span> <span class='ocrx_word' id='word_1_84' title='bbox 375 2236 488 2317; x_wconf 74' lang='grc'>(1139),</span> <span class='ocrx_word' id='word_1_85' title='bbox 510 2233 568 2294; x_wconf 90' lang='lat' dir='ltr'>sub</span> <span class='ocrx_word' id='word_1_86' title='bbox 584 2236 769 2297; x_wconf 80' lang='lat' dir='ltr'>Innocentio</span> <span class='ocrx_word' id='word_1_87' title='bbox 790 2237 817 2297; x_wconf 90' lang='lat' dir='ltr'>ll</span> <span class='ocrx_word' id='word_1_88' title='bbox 833 2235 995 2311; x_wconf 88' lang='lat' dir='ltr'>celebrati,</span> <span class='ocrx_word' id='word_1_89' title='bbox 1019 2234 1074 2296; x_wconf 92' lang='lat' dir='ltr'>ubi</span> 
     </span>
     <span class='ocr_line' id='line_1_18' title="bbox 96 2329 1073 2409; baseline 0.002 -19"><span class='ocrx_word' id='word_1_90' title='bbox 96 2330 144 2392; x_wconf 89' lang='lat' dir='ltr'>sio</span> <span class='ocrx_word' id='word_1_91' title='bbox 159 2331 328 2392; x_wconf 73' lang='lat' dir='ltr'><strong>statuitur:</strong></span> <span class='ocrx_word' id='word_1_92' title='bbox 351 2331 411 2391; x_wconf 89' lang='lat' dir='ltr'>«Si</span> <span class='ocrx_word' id='word_1_93' title='bbox 431 2330 514 2409; x_wconf 87' lang='lat' dir='ltr'>quis,</span> <span class='ocrx_word' id='word_1_94' title='bbox 531 2330 684 2390; x_wconf 81' lang='lat' dir='ltr'>suadente</span> <span class='ocrx_word' id='word_1_95' title='bbox 707 2329 847 2406; x_wconf 88' lang='lat' dir='ltr'>diaholo,</span> <span class='ocrx_word' id='word_1_96' title='bbox 868 2331 901 2390; x_wconf 90' lang='lat' dir='ltr'>in</span> <span class='ocrx_word' id='word_1_97' title='bbox 920 2331 1073 2392; x_wconf 81' lang='lat' dir='ltr'>clericum</span> 
     </span>
     <span class='ocr_line' id='line_1_19' title="bbox 94 2427 1071 2506; baseline -0.001 -17"><span class='ocrx_word' id='word_1_98' title='bbox 94 2429 144 2490; x_wconf 90' lang='lat' dir='ltr'>vel</span> <span class='ocrx_word' id='word_1_99' title='bbox 165 2429 358 2491; x_wconf 82' lang='lat' dir='ltr'>monachum</span> <span class='ocrx_word' id='word_1_100' title='bbox 382 2428 535 2490; x_wconf 86' lang='lat' dir='ltr'>violentas</span> <span class='ocrx_word' id='word_1_101' title='bbox 554 2444 665 2488; x_wconf 88' lang='lat' dir='ltr'>manus</span> <span class='ocrx_word' id='word_1_102' title='bbox 678 2427 834 2506; x_wconf 81' lang='lat' dir='ltr'>injecerit,</span> <span class='ocrx_word' id='word_1_103' title='bbox 862 2429 1071 2491; x_wconf 83' lang='lat' dir='ltr'>anathematis</span> 
     </span>
     <span class='ocr_line' id='line_1_20' title="bbox 93 2525 1071 2606; baseline -0.002 -17"><span class='ocrx_word' id='word_1_104' title='bbox 93 2527 223 2590; x_wconf 82' lang='lat' dir='ltr'>vinculo</span> <span class='ocrx_word' id='word_1_105' title='bbox 239 2527 408 2604; x_wconf 77' lang='lat' dir='ltr'>subiaceat,</span> <span class='ocrx_word' id='word_1_106' title='bbox 425 2533 456 2589; x_wconf 90' lang='lat' dir='ltr'>et</span> <span class='ocrx_word' id='word_1_107' title='bbox 473 2527 578 2588; x_wconf 92' lang='lat' dir='ltr'>nullus</span> <span class='ocrx_word' id='word_1_108' title='bbox 592 2525 825 2605; x_wconf 78' lang='lat' dir='ltr'>Episcoporum</span> <span class='ocrx_word' id='word_1_109' title='bbox 845 2527 937 2588; x_wconf 91' lang='lat' dir='ltr'>illum</span> <span class='ocrx_word' id='word_1_110' title='bbox 955 2545 1071 2606; x_wconf 85' lang='lat' dir='ltr'>praesu·</span> 
     </span>
     <span class='ocr_line' id='line_1_21' title="bbox 93 2625 1074 2704; baseline -0.003 -15"><span class='ocrx_word' id='word_1_111' title='bbox 93 2631 160 2689; x_wconf 88' lang='lat' dir='ltr'>mat</span> <span class='ocrx_word' id='word_1_112' title='bbox 181 2625 360 2698; x_wconf 86' lang='lat' dir='ltr'>absolvere,</span> <span class='ocrx_word' id='word_1_113' title='bbox 392 2625 452 2686; x_wconf 91' lang='lat' dir='ltr'>nisi</span> <span class='ocrx_word' id='word_1_114' title='bbox 482 2625 594 2686; x_wconf 91' lang='lat' dir='ltr'>mortis</span> <span class='ocrx_word' id='word_1_115' title='bbox 616 2630 747 2704; x_wconf 85' lang='lat' dir='ltr'>urgente</span> <span class='ocrx_word' id='word_1_116' title='bbox 782 2625 937 2704; x_wconf 81' lang='lat' dir='ltr'>periculo,</span> <span class='ocrx_word' id='word_1_117' title='bbox 972 2625 1074 2686; x_wconf 83' lang='lat' dir='ltr'>donee</span> 
     </span>
     <span class='ocr_line' id='line_1_22' title="bbox 94 2723 1072 2804; baseline -0.004 -18"><span class='ocrx_word' id='word_1_118' title='bbox 94 2724 282 2804; x_wconf 80' lang='lat' dir='ltr'>Apostolico</span> <span class='ocrx_word' id='word_1_119' title='bbox 307 2723 493 2803; x_wconf 84' lang='lat' dir='ltr'>conspectui</span> <span class='ocrx_word' id='word_1_120' title='bbox 519 2727 729 2802; x_wconf 83' lang='lat' dir='ltr'>praesentetur</span> <span class='ocrx_word' id='word_1_121' title='bbox 747 2729 778 2784; x_wconf 89' lang='lat' dir='ltr'>et</span> <span class='ocrx_word' id='word_1_122' title='bbox 801 2723 867 2802; x_wconf 85' lang='lat' dir='ltr'>ejus</span> <span class='ocrx_word' id='word_1_123' title='bbox 887 2723 1072 2783; x_wconf 89' lang='lat' dir='ltr'>mandatum</span> 
     </span>
     <span class='ocr_line' id='line_1_23' title="bbox 94 2819 1073 2902; baseline -0.002 -18"><span class='ocrx_word' id='word_1_124' title='bbox 94 2823 258 2902; x_wconf 79' lang='lat' dir='ltr'>suscipiat.</span> <span class='ocrx_word' id='word_1_125' title='bbox 280 2844 293 2880; x_wconf 84' lang='lat' dir='ltr'>u</span> <span class='ocrx_word' id='word_1_126' title='bbox 320 2821 544 2901; x_wconf 88' lang='lat' dir='ltr'>Interpretatio</span> <span class='ocrx_word' id='word_1_127' title='bbox 571 2821 661 2883; x_wconf 88' lang='lat' dir='ltr'>istius</span> <span class='ocrx_word' id='word_1_128' title='bbox 688 2819 818 2884; x_wconf 85' lang='lat' dir='ltr'>canonis</span> <span class='ocrx_word' id='word_1_129' title='bbox 844 2821 884 2882; x_wconf 91' lang='lat' dir='ltr'>ad</span> <span class='ocrx_word' id='word_1_130' title='bbox 913 2821 982 2883; x_wconf 84' lang='lat' dir='ltr'>haeo</span> <span class='ocrx_word' id='word_1_131' title='bbox 1011 2821 1073 2882; x_wconf 84' lang='lat' dir='ltr'>tria</span> 
     </span>
     <span class='ocr_line' id='line_1_24' title="bbox 94 2925 304 2990; baseline 0 -8"><span class='ocrx_word' id='word_1_132' title='bbox 94 2925 263 2984; x_wconf 85' lang='lat' dir='ltr'>revocatur</span> <span class='ocrx_word' id='word_1_133' title='bbox 279 2939 304 2990; x_wconf 77' lang='lat' dir='ltr'>z,</span> 
     </span>
    </p>

    <p class='ocr_par' dir='ltr' id='par_1_9' title="bbox 91 3017 1071 3393">
     <span class='ocr_line' id='line_1_25' title="bbox 130 3017 1071 3100; baseline -0.004 -17"><span class='ocrx_word' id='word_1_134' title='bbox 130 3023 155 3100; x_wconf 71' lang='grc' dir='ltr'>Ι,</span> <span class='ocrx_word' id='word_1_135' title='bbox 173 3020 234 3096; x_wconf 93' lang='lat' dir='ltr'>Illi,</span> <span class='ocrx_word' id='word_1_136' title='bbox 246 3020 279 3080; x_wconf 91' lang='lat' dir='ltr'>in</span> <span class='ocrx_word' id='word_1_137' title='bbox 295 3035 430 3099; x_wconf 89' lang='lat' dir='ltr'>quorum</span> <span class='ocrx_word' id='word_1_138' title='bbox 439 3017 571 3099; x_wconf 77' lang='lat' dir='ltr'>savorem</span> <span class='ocrx_word' id='word_1_139' title='bbox 589 3037 624 3081; x_wconf 89' lang='lat' dir='ltr'>ea</span> <span class='ocrx_word' id='word_1_140' title='bbox 638 3021 688 3081; x_wconf 89' lang='lat' dir='ltr'>lex</span> <span class='ocrx_word' id='word_1_141' title='bbox 704 3023 820 3082; x_wconf 85' lang='lat' dir='ltr'>statuta</span> <span class='ocrx_word' id='word_1_142' title='bbox 832 3019 901 3094; x_wconf 86' lang='lat' dir='ltr'>luit,</span> <span class='ocrx_word' id='word_1_143' title='bbox 919 3022 992 3080; x_wconf 90' lang='lat' dir='ltr'>sunt</span> <span class='ocrx_word' id='word_1_144' title='bbox 1007 3019 1071 3080; x_wconf 86' lang='lat' dir='ltr'>ole-</span> 
     </span>
     <span class='ocr_line' id='line_1_26' title="bbox 91 3117 1071 3196; baseline -0.002 -16"><span class='ocrx_word' id='word_1_145' title='bbox 91 3119 152 3180; x_wconf 85' lang='lat' dir='ltr'>rioi</span> <span class='ocrx_word' id='word_1_146' title='bbox 166 3135 289 3194; x_wconf 90' lang='lat' dir='ltr'>omnes,</span> <span class='ocrx_word' id='word_1_147' title='bbox 302 3117 399 3180; x_wconf 83' lang='lat' dir='ltr'>etiarn</span> <span class='ocrx_word' id='word_1_148' title='bbox 414 3117 517 3196; x_wconf 90' lang='lat' dir='ltr'>prima</span> <span class='ocrx_word' id='word_1_149' title='bbox 526 3121 656 3178; x_wconf 84' lang='lat' dir='ltr'>tonsura</span> <span class='ocrx_word' id='word_1_150' title='bbox 670 3117 798 3192; x_wconf 84' lang='lat' dir='ltr'>initiati,</span> <span class='ocrx_word' id='word_1_151' title='bbox 813 3122 844 3178; x_wconf 82' lang='lat' dir='ltr'>et</span> <span class='ocrx_word' id='word_1_152' title='bbox 858 3134 968 3178; x_wconf 88' lang='lat' dir='ltr'>omnes</span> <span class='ocrx_word' id='word_1_153' title='bbox 982 3133 1071 3196; x_wconf 83' lang='lat' dir='ltr'>regu·</span> 
     </span>
     <span class='ocr_line' id='line_1_27' title="bbox 92 3214 1068 3295; baseline -0.002 -18"><span class='ocrx_word' id='word_1_154' title='bbox 92 3217 175 3278; x_wconf 85' lang='lat' dir='ltr'>lares</span> <span class='ocrx_word' id='word_1_155' title='bbox 194 3217 359 3295; x_wconf 90' lang='lat' dir='ltr'>utriusque</span> <span class='ocrx_word' id='word_1_156' title='bbox 387 3232 490 3289; x_wconf 82' lang='lat' dir='ltr'>sexus,</span> <span class='ocrx_word' id='word_1_157' title='bbox 517 3215 614 3276; x_wconf 87' lang='lat' dir='ltr'>etiam</span> <span class='ocrx_word' id='word_1_158' title='bbox 638 3216 750 3277; x_wconf 85' lang='lat' dir='ltr'>fratres</span> <span class='ocrx_word' id='word_1_159' title='bbox 784 3214 857 3277; x_wconf 87' lang='lat' dir='ltr'>laici</span> <span class='ocrx_word' id='word_1_160' title='bbox 883 3219 915 3275; x_wconf 84' lang='lat' dir='ltr'>et</span> <span class='ocrx_word' id='word_1_161' title='bbox 947 3214 1068 3276; x_wconf 89' lang='lat' dir='ltr'>novitii.</span> 
     </span>
     <span class='ocr_line' id='line_1_28' title="bbox 92 3311 1070 3393; baseline -0.001 -18"><span class='ocrx_word' id='word_1_162' title='bbox 92 3315 213 3393; x_wconf 82' lang='lat' dir='ltr'>Excipe</span> <span class='ocrx_word' id='word_1_163' title='bbox 228 3315 361 3376; x_wconf 83' lang='lat' dir='ltr'>elericos</span> <span class='ocrx_word' id='word_1_164' title='bbox 377 3312 576 3392; x_wconf 83' lang='lat' dir='ltr'>degradatos,</span> <span class='ocrx_word' id='word_1_165' title='bbox 588 3313 636 3374; x_wconf 87' lang='lat' dir='ltr'>vel</span> <span class='ocrx_word' id='word_1_166' title='bbox 654 3330 707 3374; x_wconf 91' lang='lat' dir='ltr'>eos</span> <span class='ocrx_word' id='word_1_167' title='bbox 720 3312 785 3390; x_wconf 90' lang='lat' dir='ltr'>qui,</span> <span class='ocrx_word' id='word_1_168' title='bbox 801 3311 912 3374; x_wconf 90' lang='lat' dir='ltr'>habitu</span> <span class='ocrx_word' id='word_1_169' title='bbox 930 3312 1070 3376; x_wconf 85' lang='lat' dir='ltr'>elerioali</span> 
     </span>
    </p>
   </div>
   <div class='ocr_carea' id='block_1_8' title="bbox 0 3411 1053 3492">
    <p class='ocr_par' dir='ltr' id='par_1_10' title="bbox 0 3411 1053 3492">
     <span class='ocr_line' id='line_1_29' title="bbox 0 3411 1053 3492; baseline -0.002 -16"><span class='ocrx_word' id='word_1_170' title='bbox 0 3443 1 3466; x_wconf 60' lang='grc'><strong>;</strong></span> <span class='ocrx_word' id='word_1_171' title='bbox 92 3417 125 3476; x_wconf 85' lang='lat' dir='ltr'>et</span> <span class='ocrx_word' id='word_1_172' title='bbox 138 3418 271 3474; x_wconf 89' lang='lat' dir='ltr'>tonsura</span> <span class='ocrx_word' id='word_1_173' title='bbox 282 3412 413 3489; x_wconf 86' lang='lat' dir='ltr'>relictis,</span> <span class='ocrx_word' id='word_1_174' title='bbox 428 3411 779 3492; x_wconf 84' lang='lat' dir='ltr'>saeoularihusnegotiis</span> <span class='ocrx_word' id='word_1_175' title='bbox 794 3412 870 3472; x_wconf 90' lang='lat' dir='ltr'>daut</span> <span class='ocrx_word' id='word_1_176' title='bbox 882 3428 1022 3490; x_wconf 84' lang='lat' dir='ltr'>operam.</span> <span class='ocrx_word' id='word_1_177' title='bbox 1051 3425 1053 3430; x_wconf 90' lang='grc'><strong><em>·</em></strong></span> 
     </span>
    </p>
   </div>
   <div class='ocr_carea' id='block_1_9' title="bbox 85 3580 1071 3725">
    <p class='ocr_par' dir='ltr' id='par_1_11' title="bbox 85 3580 1071 3725">
     <span class='ocr_line' id='line_1_30' title="bbox 122 3580 1071 3648; baseline -0.001 -19"><span class='ocrx_word' id='word_1_178' title='bbox 122 3582 153 3644; x_wconf 87' lang='grc'>(1)</span> <span class='ocrx_word' id='word_1_179' title='bbox 171 3581 264 3644; x_wconf 58' lang='lat' dir='ltr'>sodis,</span> <span class='ocrx_word' id='word_1_180' title='bbox 281 3581 455 3632; x_wconf 76' lang='lat' dir='ltr'>institutiones</span> <span class='ocrx_word' id='word_1_181' title='bbox 468 3581 540 3646; x_wconf 81' lang='lat' dir='ltr'>jurr&#39;s</span> <span class='ocrx_word' id='word_1_182' title='bbox 560 3582 697 3648; x_wconf 71' lang='lat' dir='ltr'>priaroti‚§</span> <span class='ocrx_word' id='word_1_183' title='bbox 717 3586 759 3634; x_wconf 83' lang='lat' dir='ltr'>ll.</span> <span class='ocrx_word' id='word_1_184' title='bbox 779 3607 809 3618; x_wconf 89' lang='grc'>--</span> <span class='ocrx_word' id='word_1_185' title='bbox 825 3581 938 3644; x_wconf 61' lang='lat' dir='ltr'>Phidon,</span> <span class='ocrx_word' id='word_1_186' title='bbox 955 3580 1071 3632; x_wconf 80' lang='lat' dir='ltr'>Manuale</span> 
     </span>
     <span class='ocr_line' id='line_1_31' title="bbox 85 3659 416 3725; baseline 0.006 -15"><span class='ocrx_word' id='word_1_187' title='bbox 85 3659 157 3725; x_wconf 75' lang='lat' dir='ltr'>jom&#39;s</span> <span class='ocrx_word' id='word_1_188' title='bbox 171 3661 342 3724; x_wconf 70' lang='lat' dir='ltr'>ecclesiastici,</span> <span class='ocrx_word' id='word_1_189' title='bbox 352 3660 368 3724; x_wconf 68' lang='grc' dir='ltr'><strong>ἓ</strong></span> <span class='ocrx_word' id='word_1_190' title='bbox 378 3665 416 3713; x_wconf 78' lang='lat'>68.</span> 
     </span>
    </p>
   </div>
   <div class='ocr_carea' id='block_1_10' title="bbox 0 0 1320 4250">
    <p class='ocr_par' dir='ltr' id='par_1_12' title="bbox 0 0 1320 4250">
     <span class='ocr_line' id='line_1_32' title="bbox 0 0 1320 4250; baseline 0 2"><span class='ocrx_word' id='word_1_191' title='bbox 0 0 1320 4250; x_wconf 95' lang='lat' dir='ltr'> </span> 
     </span>
    </p>
   </div>
  </div>
 </body>
</html>
