2630 4250
434 224 508 268 PARS
532 223 695 270 scitellus.
997 183 1053 274 nti

75 344 140 423 ipso
159 342 231 421 jure
260 359 325 403 non
343 339 540 420 augebantur
564 341 782 421 praerogativae
816 333 1050 420 llpiscoporum

74 437 325 519 Bysantinorum,
341 437 499 518 siquidem
527 437 690 511 distinotIo
704 439 858 518 graduum
883 438 1047 518 episcopa·

74 537 148 598 lium
161 537 306 614 pendete
321 540 480 615 potestate
493 535 650 614 spirituali
665 536 789 597 Summi
803 536 977 598 Pontificis.
989 539 1051 598 Ve-

74 651 142 696 rum
160 633 310 714 Episcopi
325 628 415 696 novae
443 634 566 710 home,
583 632 791 712 pertinaciter
805 632 959 694 honorem
980 649 1052 694 am-

75 731 204 806 bientes,
225 730 474 810 patriarchatum
497 729 603 792 invitis
629 729 838 792 Pontificibus
859 739 1052 810 usurparunt

75 845 163 890 exeo
179 829 264 906 quod
292 827 582 906 constantinopolis
603 832 686 890 esset
703 843 785 888 nove
801 827 890 888 sedes
909 823 1049 906 imperii.

75 925 167 988 Initio
181 924 284 988 noluit
306 926 422 986 Sancta
441 925 539 988 Sedes
560 925 592 984 id
617 929 724 986 ratum
745 924 882 986 hahere:
910 942 1051 1003 praesen-

76 1021 172 1084 tiebat
187 1023 272 1082 enim
290 1021 422 1083 exitium
437 1021 588 1083 Ecclesia
600 1021 764 1083 orientalis
779 1038 817 1082 ex
831 1021 981 1102 superbia
995 1024 1053 1102 By·

76 1119 196 1182 santina
215 1119 442 1182 enasciturum.
470 1120 626 1182 successu
640 1119 796 1198 temporis
814 1119 958 1180 Romani
971 1122 1053 1182 Pon-

73 1217 182 1292 tifices,
201 1217 282 1279 moti
306 1216 455 1296 precibus
470 1218 714 1296 Imperatorum,
739 1233 807 1277 rem
824 1218 1051 1296 probaverunt,

75 1315 180 1378 siveut
192 1315 293 1394 majus
308 1316 427 1378 malum
438 1319 678 1396 praeverterent,
692 1314 757 1376 sive
769 1321 805 1376 ut
818 1316 902 1377 lacto
914 1315 981 1392 jam
994 1333 1052 1377 ne-

76 1411 210 1474 cessario
227 1411 479 1490 acquiescerent.

110 1509 256 1573 Ecclesia
271 1507 557 1590 ffierosorymitana
570 1511 611 1572 oh
624 1511 813 1573 memoriam
829 1510 1054 1590 mysteriorum

72 1607 181 1668 salutis
193 1606 342 1666 humanae
355 1607 477 1667 honore
491 1607 695 1684 patriarchali
708 1613 802 1669 aucta
817 1614 863 1670 est
878 1626 895 1667 a
910 1605 1056 1668 Patribus

76 1702 239 1776 Nicaenis3
258 1707 448 1780 potestatem
469 1720 543 1770 vero
558 1703 683 1782 accepit
698 1703 731 1764 in
755 1703 893 1766 concilio
925 1703 1055 1766 Chalce-

74 1799 222 1864 donensi,
503 1793 505 1797 ’
684 1849 686 1852 .

108 1899 162 1960 III.
178 1895 292 1958 Divisio
304 1895 431 1956 Orientis
444 1906 482 1958 *et
506 1897 665 1963 Occidentis
677 1899 754 1962 inter
773 1899 899 1979 majores
912 1899 1055 1960 Porcior—
1147 1891 1148 1894 '

77 1995 153 2057 elios.

110 2095 258 2156 Pontifex
271 2095 429 2154 Romanus
438 2095 486 2153 est
498 2092 593 2164 simul
602 2097 698 2172 caput
707 2093 859 2156 Ecclesiae
871 2095 1056 2156 universalis

76 2195 104 2253 et
117 2191 300 2253 Patriareha
314 2189 507 2251 Occidentis.
522 2193 640 2252 Praeter
649 2190 753 2264 illum,
766 2197 902 2270 quatuor
913 2197 988 2270 sunt
999 2193 1058 2252 Pa·

76 2289 220 2350 triarchae
237 2288 416 2350 orientales
431 2289 602 2366 Propterea
613 2287 752 2370 quinque
767 2296 977 2351 numerantur
992 2305 1057 2350 ma·

74 2384 156 2461 jorcs
174 2387 424 2448 Patrlarchatus.

70 2507 72 2512 ¹
113 2486 359 2546 controversum
373 2482 433 2544 luit
456 2482 495 2542 de
518 2480 630 2544 ordine
651 2482 875 2560 praecedentiae
894 2483 978 2555 inter
998 2500 1057 2546 eos

77 2583 238 2660 servando.
255 2579 461 2642 Innocentius
484 2580 525 2640 Ill
552 2578 650 2641 veteri
681 2595 789 2642 rerum
817 2585 900 2640 statu
916 2583 1055 2655 mutato,

77 2679 240 2757 privilegia
251 2679 375 2740 sedium
397 2676 658 2755 patriarchalium
677 2677 848 2751 renovavit,
864 2693 980 2755 easque
993 2677 1058 2740 hoo

78 2775 190 2836 ordine
203 2793 270 2837 esse
279 2776 373 2855 jussit
385 2794 392 2835 :
404 2775 507 2853 prima
521 2779 568 2836 est
582 2773 725 2836 llcclesia
739 2776 898 2850 Romana3
913 2776 1058 2854 sequitur

77 2872 256 2946 patriarcha
274 2872 653 2952 constantinopolitanus,
671 2873 915 2950 Alexandrinus,
942 2873 1058 2936 Antin-

78 2966 207 3045 chcnus,
224 2970 545 3050 Hierosolymitanus.

251 3167 401 3218 Patrisrchae
415 3169 487 3230 juxta
501 3151 661 3219 novissimam
669 3165 828 3230 disciplinam
838 3170 883 3230 (t).

27 3351 28 3360 2
115 3322 138 3383 l.
156 3320 348 3384 Potricrclioe
368 3321 516 3384 titulcres.
538 3323 712 3384 -Praeter
728 3323 844 3386 Sedem
871 3325 1061 3399 Romanam,

29 3525 31 3555 t

79 3419 308 3494 patriarchatus
341 3419 517 3482 Ortontales
547 3419 677 3481 nomine
711 3421 814 3480 solum
847 3425 1059 3499 perseverant.

107 3579 141 3638 (t)
153 3551 252 3642 Devoti,
263 3579 453 3629 Institutionum
462 3579 639 3629 canonicorum
649 3579 692 3630 lib.
705 3578 725 3642 I,
736 3580 775 3629 tlt.
787 3591 827 3630 nr.

201 3673 222 3721 1.
486 3675 492 3687 “
907 3675 940 3722 lt
