2588 4272
238 235 292 285 lat
402 235 559 286 uxrosmlo
579 234 759 286 turnonrca
776 237 860 286 surus
882 236 1039 286 canonici.

295 357 430 420 LXXIX.
445 357 545 420 Nemo
559 361 664 438 potest
681 357 753 438 plus
764 357 844 438 juris
857 359 1028 438 transferre
1043 357 1077 420 in
1099 357 1211 430 allum,

476 473 571 550 quam
586 455 646 516 sihi
659 462 843 534 competere
857 456 1072 534 dignoscatur.

262 607 266 613 .
308 555 428 618 LXXX.
443 555 478 618 In
490 559 559 616 toto
572 559 696 634 partem
708 560 834 618 nonest
853 555 986 617 dubium
1002 553 1169 617 contineri.
1292 597 1293 600 ,

664 766 739 804 DECAS
755 767 788 805 lx.

290 907 425 970 LXXXI.
443 913 475 967 ln
488 907 627 986 generali
643 910 846 973 concessione
860 927 925 972 non
938 899 1067 972 veniunt
1077 926 1124 987 ea,
1143 925 1218 988 quaa

478 1004 549 1084 quis
565 1022 630 1067 non
650 1012 732 1070 esset
741 1008 954 1071 verisimiliter
967 1008 1001 1069 in
1017 1007 1125 1088 specie
1137 1025 1221 1070 cou-

479 1119 634 1166 cessurus.

273 1201 423 1264 LXXXII.
441 1200 499 1273 Qui
514 1197 625 1264 contra
635 1203 707 1282 jura
717 1206 884 1279 mercatur,
898 1202 1120 1266 bonamfidem
1134 1220 1222 1282 prae·

480 1299 615 1360 sumitur
626 1317 690 1362 non
705 1301 834 1363 habere.

262 1399 426 1460 LXXXIII.
441 1399 530 1459 Bona
550 1397 628 1458 fides
652 1415 717 1459 non
741 1399 869 1478 patitur,
895 1404 931 1462 ut
948 1400 1045 1462 semel
1071 1401 1221 1460 exactum

405 1543 406 1551 ,
480 1495 596 1557 iterum
608 1494 760 1573 exigatur.

265 1593 428 1656 LXXXIV.
444 1594 523 1655 Cum
540 1593 616 1674 quid
638 1611 701 1654 una
721 1595 771 1656 via
785 1595 973 1674 prohibetur
994 1593 1100 1670 alicui,
1125 1594 1167 1655 ad
1188 1592 1222 1654 id

441 1731 451 1745 .
483 1693 620 1754 alienon
637 1691 733 1754 debet
746 1695 881 1756 admitti.

280 1780 629 1851 LXXXV.'Gontractus
653 1806 690 1850 ex
711 1791 920 1853 conventione
942 1792 1045 1870 legem
1073 1787 1223 1868 accipere

198 1883 201 1892 '
487 1886 727 1965 dignoscuntur.

270 1982 430 2044 LXXXVI.
448 1985 604 2045 Damnum
633 1987 718 2064 qnod
744 1986 814 2064 quis
836 2005 892 2048 sua
915 1987 1009 2065 culpa
1034 1985 1142 2060 sentit,
1159 1983 1223 2046 sibi

434 2144 443 2164 ‚
487 2081 655 2144 debetnon
669 2083 738 2143 aliis
750 2083 920 2164 imputare.

259 2179 435 2240 LXXXVII.
449 2179 621 2242 Inlamihus
636 2187 736 2259 portae
749 2199 814 2243 non
831 2189 959 2261 pateant
977 2181 1182 2262 dignitatum.
1286 2213 1288 2216 ·

250 2278 430 2340 LXXXVIII.
447 2279 574 2340 Certum
601 2287 651 2366 est,
676 2281 761 2357 quod
784 2280 809 2339 is
840 2281 1019 2342 committat
1045 2279 1078 2340 in
1104 2281 1222 2357 legem,

330 2375 384 2454 qui
398 2375 475 2454 legis
502 2375 845 2456 verbaoompleotens,
874 2384 985 2440 contra
1005 2378 1083 2458 legis
1108 2377 1224 2438 nititur

210 2548 212 2555 .
329 2473 531 2534 voluntatem.

606 2673 825 2730 ARTICULUS
842 2673 871 2730 11

447 2839 558 2880 REGULAE
577 2840 753 2881 DOCTRINALES
767 2839 1029 2882 lurnnPnETATmNIS.

291 3001 316 3062 I.
329 2999 585 3066 Eorumutttitos.
602 3013 641 3048 -’-
661 3005 759 3083 Leges
781 3003 928 3064 humanae
951 3000 1127 3063 admittunt
1151 3001 1229 3064 doc·

205 3104 207 3108 '
253 3099 401 3160 trinalem
414 3098 719 3178 iuterpretatiouem,
737 3119 807 3179 quae
832 3101 906 3161 licet
920 3116 978 3178 per
1000 3116 1032 3160 se
1055 3099 1230 3161 auctorita-

253 3202 319 3258 tem
340 3208 405 3257 non
424 3195 550 3272 haheat,
569 3197 641 3276 qula
664 3197 792 3276 priuatis
815 3215 882 3258 non
904 3197 1060 3276 competit
1088 3202 1230 3276 potestas

253 3291 478 3354 introducendi
490 3296 586 3374 leges,
603 3300 711 3357 tamen
723 3295 884 3357 interdum
896 3296 977 3356 valet
989 3295 1146 3356 moralem
1161 3311 1232 3358 cer·

254 3389 425 3450 titudinem
438 3409 548 3468 parere
563 3397 595 3452 et
606 3391 834 3472 obligationem
849 3393 1014 3454 inducere.

296 3487 375 3548 Cum
384 3487 469 3548 enlm
486 3490 570 3566 leges
582 3491 804 3552 ecclesiasticae
815 3490 878 3552 sint
894 3491 1011 3568 regula
1024 3490 1189 3570 generales
1201 3491 1232 3562 et

258 3582 397 3659 stabiles,
413 3585 573 3664 legislator
589 3588 700 3665 nequit
714 3590 817 3667 legem
828 3591 909 3651 lerre
922 3589 966 3652 ita
978 3590 1097 3651 claram
1111 3595 1143 3651 et
1158 3607 1232 3668 pro-
