2630 4250
482 211 556 258 rhus
577 209 742 260 sentinus.
1048 211 1098 264 167

115 333 316 392 concurrunt
334 332 373 394 ad
399 330 580 394 necandum
606 335 660 392 aut
684 330 896 393 mutilandum
922 329 1097 395 hominem.

115 427 263 490 Ecclesia
288 428 374 490 enim
397 427 559 490 ministros
583 446 667 504 suos,
690 429 836 507 exemplo
858 427 984 504 Christi,
1008 429 1100 492 mites

116 541 187 586 esse
207 525 321 587 voluit.
345 527 419 588 Hoec
434 525 649 605 irregularitas
674 525 873 588 contrahitur
893 527 941 588 vel
964 525 998 586 in
1016 525 1101 588 bello

117 623 170 686 vel
184 623 217 683 in
226 623 360 703 judicio.

155 721 195 783 Ia
208 721 280 782 bella
299 722 409 804 injusto
423 739 534 784 omnes
557 721 675 784 milites
707 724 788 785 hunt
808 722 1004 803 irregulares,
1021 723 1047 785 si
1061 740 1099 786 ex

114 819 264 882 hostibus
279 820 376 898 aliqui
388 820 576 883 occidantur
588 821 636 882 vel
652 821 848 894 mutilentur.
865 823 901 883 ln
917 821 1001 884 bello
1012 821 1097 900 justo

115 917 282 980 defensivo
293 934 389 980 nemo
404 919 440 979 fit
454 917 646 998 irregularis.
662 921 697 980 In
707 918 794 982 bello
801 919 888 998 justo
906 919 1095 1000 aggressivo‚

114 1015 385 1096 irregularitatem
407 1016 601 1078 contrahunt
623 1016 681 1092 illi,
697 1017 751 1096 qui
772 1016 902 1096 propria
916 1033 1012 1078 manu
1026 1033 1098 1078 mu-

115 1113 215 1176 tilant
228 1117 282 1175 aut
294 1113 506 1190 interficiunt3
523 1131 592 1176 eam
607 1131 758 1176 veronen
773 1115 974 1189 contrahunt,
990 1113 1017 1174 si
1036 1112 1097 1192 ipsi

115 1211 243 1274 nullum
255 1229 313 1291 per
324 1228 357 1273 se
368 1213 582 1275 mutilaverint
593 1213 642 1275 vel
655 1212 843 1274 occiderint.
856 1213 965 1292 ltaque
979 1211 1097 1274 milites

116 1309 264 1372 absoluta
278 1309 391 1372 militia
411 1327 476 1372 non
498 1315 666 1373 censentur
687 1311 875 1390 irregulares
897 1327 935 1372 ex
954 1327 992 1373 eo
1015 1311 1096 1385 solo,

117 1407 206 1486 quod
228 1406 381 1468 hactenus
404 1408 522 1469 luerint
545 1408 740 1470 conditionis
761 1407 918 1470 militaris.
935 1410 1045 1485 Neque
1065 1407 1101 1468 tlt

117 1504 301 1582 irregularis
316 1504 370 1583 qui
385 1501 456 1566 titae
469 1522 534 1566 suae
548 1521 765 1584 aggressorem
781 1505 906 1566 mutilat
919 1505 967 1566 vel
982 1491 1100 1566 occidit

119 1619 194 1666 cum
212 1601 431 1664 moderamine
441 1601 611 1682 inculpatae
624 1603 744 1664 tutelae.

161 1698 327 1781 injudicio
352 1699 539 1779 irregulares
567 1701 647 1761 liunt
676 1697 800 1778 judices
825 1700 881 1780 qui
909 1700 1096 1762 sententiam

120 1798 233 1860 mortis
243 1799 289 1859 vel
301 1797 510 1859 mutilationis
523 1797 741 1876 pronuntiant,
754 1799 867 1861 ellectu
876 1803 996 1874 secuto,
1008 1815 1099 1862 accu-

120 1901 239 1957 satores
253 1899 285 1956 et
297 1894 434 1956 ministri
448 1894 638 1956 sententiam
656 1901 863 1974 exequentes.
913 1928 918 1936 -

159 1996 189 2054 6.
215 1990 352 2072 Defectus
367 1991 457 2073 famae
479 1992 550 2054 illos
572 1991 611 2054 ab
629 1993 795 2056 ordinibus
817 1993 955 2074 repellit,
983 1993 1097 2074 quiex

118 2107 323 2170 quocumque
349 2090 443 2151 titulo
467 2089 600 2151 infames
630 2095 722 2166 sunt,
748 2091 840 2172 juxta
865 2091 1093 2172 principium:

123 2209 139 2245 u
153 2186 325 2248 lulamibus
337 2203 401 2248 non
415 2191 544 2266 pateant
562 2191 662 2266 portae
675 2187 866 2267 dignitatum
879 2189 931 2270 ll).
946 2210 960 2247 n
980 2188 1095 2251 Distin-

118 2283 226 2364 guitur
240 2285 356 2367 duplex
370 2284 510 2360 infamia,
519 2283 605 2365 juris
619 2283 747 2364 etsaeti.

160 2381 291 2442 lulamia
308 2380 394 2462 juris
415 2381 517 2443 trihus
533 2379 641 2444 modis·
651 2380 835 2442 inducitur:
852 2383 884 2442 l·
902 2381 944 2444 ob
971 2382 1094 2446 crimen

119 2485 321 2560 perpetuum,
341 2479 392 2541 eui
404 2496 441 2541 ex
453 2478 576 2562 legibus
588 2477 722 2540 inhaeret
733 2478 877 2554 inlamia3
892 2513 932 2526 --
946 2484 977 2540 2⁰
992 2481 1033 2542 ob
1045 2481 1095 2560 ju·

118 2578 201 2640 dicis
220 2577 424 2652 seutentiam;
446 2608 486 2624 -
499 2580 531 2638 3ο
543 2576 585 2639 ob
596 2575 747 2638 nonnulla
761 2575 895 2638 crimina
913 2583 1093 2656 parentum,

117 2693 148 2736 v.
163 2693 195 2754 g.
214 2673 377 2736 inlamiam
396 2675 559 2737 attrahunt
575 2673 633 2734 fllii
647 2672 882 2734 hereticorum.
902 2673 1096 2736 Exercitium

117 2773 196 2834 artis
212 2771 434 2852 ignominiosae
447 2772 570 2834 inducit
591 2771 764 2852 quamdam
789 2770 1005 2834 indecentiam
1027 2790 1098 2852 quas

116 2874 245 2931 nonest
261 2868 476 2948 irregularitas
490 2868 619 2948 proprie
632 2867 727 2930 dicta.

158 2966 291 3047 Infamia
304 2965 381 3046 loeti
390 2967 587 3030 contrahitur
598 2984 636 3029 ex
649 2965 840 3028 notorietate
850 2964 993 3028 criminis
1003 2983 1096 3030 enor-

117 3065 190 3140 mis,
204 3065 432 3144 propterquod
445 3066 529 3143 apud
544 3065 696 3127 honestos
706 3063 789 3125 viros
799 3063 845 3125 rei
858 3063 943 3128 tama
954 3065 1093 3142 laeditur,

114 3161 241 3227 etiamsi
251 3161 350 3242 judex
366 3164 555 3225 sententiam
576 3161 774 3223 contulerit.
793 3163 867 3224 llaec
881 3161 1094 3242 irregularitas

115 3279 182 3324 non
195 3260 361 3322 inducitur
380 3277 418 3322 ex
432 3258 619 3324 criminibus
635 3259 778 3336 occultis,
793 3260 849 3322 sed
865 3277 922 3340 per
933 3260 1094 3340 publicam

116 3375 246 3422 morum
260 3358 519 3422 emendationem
539 3355 742 3437 abstergitur.

159 3559 186 3629 l)
201 3561 304 3624 nnus
315 3560 380 3624 rus·
393 3559 420 3614 u
436 3560 518 3614 sau.
