2626 4258
485 295 558 340 PARS
581 293 744 342 sedullus,

288 496 402 556 Qonsrro
418 497 454 546 1⁸.
468 519 501 568 7-
515 493 551 544 na
567 507 741 546 rusrrrcrronr
756 507 935 550 carrarcoauu.

161 655 182 709 1.
211 654 293 710 Ratio
308 653 396 725 hujus
408 651 598 710 institutionis
611 652 641 707 in
655 667 774 723 genere.

161 743 195 798 ll.
211 743 322 810 Erectio
337 742 459 815 capituli
473 745 502 797 et
519 741 634 797 collatio
650 743 884 803 canonicatuum.

354 935 378 986 1.
393 957 426 974 -·
439 891 512 984 Ratio
521 933 686 986 institutionis
696 935 874 1000 capitulorum.

164 1095 240 1158 llaeo
252 1093 334 1156 ratio
351 1093 523 1155 innotescit
538 1110 576 1156 ex
590 1093 701 1174 on‘prne
718 1099 749 1156 et
763 1093 822 1178 fine
838 1097 1061 1176 capitulorum.

439 1282 464 1330 1.
483 1279 558 1344 Origo
573 1279 739 1343 capitulorum
751 1281 793 1343 (1).

168 1439 193 1499 Ι.
210 1435 301 1516 Oripo
316 1435 405 1517 ipsius
416 1434 540 1516 capitati
553 1433 740 1499 cathedralis.
753 1468 794 1482 -
804 1438 875 1499 tam
899 1437 933 1498 in
955 1437 1105 1517 primaeva

127 1535 281 1609 Ecclesia,
307 1533 484 1614 presbyteri
508 1539 539 1595 et
558 1534 683 1596 diaconi
701 1535 836 1596 civitatis
853 1534 1042 1614 episcopalis
1058 1537 1105 1598 ef-

124 1635 307 1696 formabant
326 1637 482 1706 senatum,
504 1632 592 1710 cujus
615 1633 748 1694 oonsilio
767 1638 798 1694 et
819 1651 916 1713 opera
929 1634 1105 1714 Episcopus

125 1732 161 1792 in
184 1730 313 1793 dioecesi
336 1729 476 1810 regenda
498 1730 657 1792 utebatur.
689 1731 771 1792 Sede
796 1737 936 1807 vacante,
963 1733 1106 1810 regimen

128 1829 274 1892 dioeoesis
292 1830 331 1890 ad
352 1830 473 1890 olerum
486 1829 629 1890 ecclesiae
652 1829 843 1890 cathedralis
861 1829 901 1892 ab
922 1834 1013 1892 aelate
1028 1847 1107 1909 apo-

128 1929 241 1990 stolica
271 1927 393 1989 devolvi
421 1927 592 1989 consuevit.
617 1926 839 2009 Presbyteriom
864 1927 1030 1990 dicebatur
1052 1928 1106 1989 ille

128 2031 229 2088 ooetus
244 2025 417 2104 maj0ribus
443 2021 574 2086 clericis¹
590 2029 748 2100 constans,
772 2026 922 2105 quicum
947 2025 1106 2105 Episcopo

127 2140 228 2188 ununr
244 2142 360 2202 eorpus
379 2123 602 2198 constituebat,
618 2129 649 2186 et
663 2122 701 2184 ab
717 2123 787 2202 ipso
801 2124 834 2184 in
848 2129 973 2204 partem
987 2124 1107 2186 sollici·

128 2222 249 2286 tudinis
263 2221 444 2283 vocabatur.
1155 2207 1158 2212 ’

170 2323 319 2383 Jamvero
339 2319 514 2396 capitulum
537 2318 625 2380 duoit
649 2319 805 2396 originem
819 2319 858 2380 ab
876 2321 1108 2401 antiquo'pres-

129 2419 273 2499 hyterio;
291 2433 365 2477 nam
380 2410 466 2477 idem
479 2416 538 2477 luit
551 2417 694 2492 ollicium
709 2422 778 2477 tum
790 2417 881 2478 istius
894 2419 1037 2498 primaevi
1059 2436 1108 2480 se·

128 2523 221 2579 natus
237 2515 436 2595 episcopalis,
454 2520 523 2577 turn
538 2514 745 2593 collegiorum
759 2533 829 2594 quae
843 2521 953 2594 postea
971 2517 1108 2594 capitula

131 2616 219 2677 diota
245 2619 328 2678 sunt.
354 2615 487 2692 Semper
512 2613 616 2675 extitit
649 2613 818 2693 collegium
845 2631 908 2692 quo
932 2615 1107 2693 Episcopus

130 2713 344 2791 adjuvaretur,
363 2716 394 2773 et
405 2710 550 2772 dioeoesis
564 2715 694 2772 vacante
712 2711 786 2771 sede
803 2714 978 2789 regeretur.

173 2809 349 2871 Discrimen
365 2810 449 2870 inter
462 2808 632 2871 canonicos
644 2813 676 2868 et
685 2807 842 2886 parochos
855 2807 888 2867 in
901 2825 938 2870 eo
950 2806 1104 2882 consistit,

134 2909 219 2987 quod
236 2907 412 2986 capitulum
427 2923 553 2986 semper
563 2904 658 2966 fuerit
670 2905 773 2966 clerus
786 2906 931 2986 superior
951 2905 1105 2966 dioeoesis.

132 3007 291 3069 Nimirum
315 3006 414 3086 jama
439 3002 638 3082 temporibus
661 3004 844 3082 apostolicis
861 3003 894 3064 in
918 3005 1005 3066 clero
1023 3001 1111 3063 urbis

135 3105 343 3188 episcopalis,
369 3103 512 3164 eeclesiae
534 3103 707 3164 cathedrali
727 3102 866 3175 addicto,
894 3108 1020 3165 senatus
1040 3101 1113 3180 Epi-

134 3193 223 3281 scopi
233 3199 410 3263 exhibetur.
419 3196 552 3259 Parochi
562 3215 635 3259 vero
649 3197 734 3258 circa
742 3200 894 3260 saeculum
902 3216 934 3261 1v
948 3195 1112 3260 constituti

135 3307 219 3372 sunt,
237 3299 323 3377 iique
340 3314 404 3358 non
428 3299 551 3357 tanturn
566 3295 735 3376 Episcopo,
757 3297 811 3359 sed
832 3303 864 3361 et
877 3297 1017 3378 capitulo
1030 3295 1111 3358 inie-

134 3394 234 3455 riores
247 3395 347 3452 erant.
742 3397 744 3402 ’

176 3492 215 3554 ΙΙ.
229 3491 352 3556 Nomen
369 3487 584 3551 Canonicorcm
603 3491 634 3550 et
649 3485 675 3550 C
675 3487 790 3570 capituli.

172 3653 204 3714 (1)
222 3651 389 3714 Thomass'in„
405 3652 478 3704 Vetus
490 3653 515 3702 ct
528 3651 600 3702 Novo
609 3647 728 3701 Ecclesia
742 3649 893 3718 Disciplina,
908 3665 966 3716 pars
980 3653 1001 3712 l,
1010 3653 1052 3702 lib.
1067 3653 1111 3702 lll.
1138 3665 1140 3682 ·

963 3749 1010 3796 ss.
