2604 4270
486 269 711 316 PRAENOTIONES.
1074 273 1088 318 8
1192 314 1194 322 ,

113 383 192 458 aliis,
205 385 257 462 jus
270 402 309 446 ex
322 385 423 463 pactis
433 387 581 450 humanis
596 388 754 450 derivatur
765 404 774 463 ;
785 387 866 462 aliis,
875 387 1089 467 justitiacives

113 481 197 560 ligat,
209 499 276 543 non
290 483 495 562 imperantes.

151 579 180 640 2.
201 579 276 640 'Pria
305 580 374 641 haec
401 585 581 661 systemata,
607 581 736 643 mutatis
751 581 948 660 aliquatenus
964 582 1086 656 formis,

113 677 274 737 hodiernis
290 678 434 740 moribus
450 679 567 758 vigent.
904 701 906 705 ’

153 773 314 849 Utilitarii,
332 775 543 838 Materialistae
565 776 616 856 Jus
642 793 680 838 ex
693 776 842 851 utilitate,
861 776 1028 838 utilitatem
1050 792 1088 837 ex

113 871 270 948 voluptate
286 872 505 936 dimetiuntur.
619 941 621 948 ,

152 969 379 1046 Rationalislae,
396 971 595 1032 Naturalistae
614 987 776 1032 summum
789 970 961 1049 imperium
972 971 1087 1032 rationi

113 1067 298 1140 conterunt,
342 1069 526 1147 nullamque
550 1069 653 1147 legem
679 1068 877 1146 superiorem
912 1073 1088 1147 agnoscunt

111 1169 223 1240 praeter
240 1165 477 1228 ineluctabilem
491 1171 612 1228 naturae
628 1165 853 1228 evolutionem.

148 1263 296 1337 nemum,
311 1264 532 1334 Pantheismus
553 1263 704 1342 politicus
725 1264 807 1342 juris
833 1265 955 1326 lentem
975 1263 1086 1325 sivein

111 1373 231 1437 regum,
247 1360 313 1420 sive
327 1361 360 1419 in
373 1361 565 1439 populorum
583 1361 742 1422 voluntate
757 1360 923 1422 constituit
938 1359 991 1440 (l).

148 1457 185 1518 ll.
208 1456 282 1517 Vero
290 1457 374 1538 juris
387 1459 479 1538 oripo.
497 1462 646 1538 —Leges
661 1459 829 1538 requirunt
842 1460 921 1520 duos
934 1463 1022 1520 actus
1040 1460 1086 1521 le·

109 1553 277 1632 gislatoris,
301 1573 400 1616 onom
426 1557 557 1634 quidem
577 1557 757 1618 intellectus
782 1556 990 1634 disponentis,
1011 1556 1087 1618 alte-

108 1669 173 1711 rum
197 1669 275 1713 vero
292 1654 464 1716 voluntatis
489 1652 717 1732 praecipientis.
745 1654 853 1732 ltaque
879 1653 999 1730 duplici
1025 1653 1088 1714 ele-

108 1756 211 1812 mento
223 1757 383 1828 constant,
396 1769 515 1832 nempe
525 1750 658 1814 rationis
669 1749 868 1813 ordinatione
881 1755 912 1812 et
921 1750 1086 1829 potestatis

107 1849 278 1912 voluntate.

143 1946 293 2008 Jemvero
312 1947 369 2008 sub
392 1945 528 2026 otioque
543 1951 691 2025 respectu
710 1945 762 2024 jus
783 1946 920 2030 adivina
932 1945 1085 2024 sapientia

107 2045 194 2104 ducit
214 2044 382 2123 originem.
398 2045 535 2119 Etenim,
550 2060 625 2105 eum
638 2045 720 2105 Deus
733 2043 856 2106 sitiens
877 2044 1036 2122 aequitatis
1054 2048 1085 2103 et

105 2142 316 2215 auctoritatis,
342 2143 427 2220 leges
442 2140 669 2204 humanaevim
693 2145 725 2202 et
739 2141 923 2218 aequitatem
950 2140 988 2200 ab
1015 2139 1084 2218 ipso

104 2241 266 2317 accipiunt
280 2239 330 2318 (t).

142 2341 174 2398 l.
194 2336 342 2414 AEquitas
363 2335 471 2415 legum
490 2340 539 2396 est
550 2333 677 2395 illarum
692 2334 897 2396 conformitas
920 2351 993 2396 eum
1015 2335 1082 2414 lege

106 2435 235 2491 aterna.
252 2431 316 2490 Lex
337 2445 411 2490 vero
439 2434 566 2501 aeterna,
584 2427 617 2488 in
626 2429 691 2488 Deo
714 2427 851 2488 universi
867 2444 1016 2506 supremo
1029 2447 1086 2508 gu·

106 2525 286 2601 bernatore,
306 2532 352 2587 est
365 2527 446 2588 ratio
466 2526 580 2588 divinae
599 2525 764 2604 sapientiae
780 2525 944 2604 dirigentis
958 2530 1084 2588 creatu-

107 2641 154 2684 ras
167 2625 205 2686 ad
222 2641 315 2684 suum
330 2625 438 2698 finem,
463 2623 495 2684 in
515 2622 636 2684 bonurn
651 2638 833 2683 commune.
857 2623 986 2682 Caeterae
999 2621 1085 2698 leges

107 2736 171 2780 non
188 2725 265 2780 sunt
276 2718 381 2799 justae',
397 2720 459 2780 nisi
473 2721 556 2782 hanc
571 2720 713 2796 regulam
728 2719 902 2780 imitentur.
1157 2711 1161 2720 ’

143 2821 172 2876 2.
197 2819 299 2896 Leges
323 2836 341 2878 a
362 2819 428 2879 Deo
440 2818 503 2878 vim
518 2815 682 2895 obligandi
697 2820 891 2876 mutuantur.
916 2814 1008 2876 Ratio
1023 2819 1082 2888 est,

107 2915 177 2990 quia
199 2915 269 2976 sola
289 2919 429 2992 potestas
443 2913 582 2992 imponit
596 2911 843 2992 obligationem3
865 2911 953 2990 atqui
979 2909 1083 2970 omnis

107 3018 246 3087 potestas
257 3029 275 3072 a
285 3016 440 3089 potestate
452 3012 558 3073 divina
571 3010 726 3090 procedit,
738 3009 828 3088 juxta
838 3008 917 3068 illud
927 3009 959 3069 S.
975 3007 1082 3068 Pauli:

107 3108 170 3169 ll'on
191 3117 377 3190 estpotestate
390 3108 449 3169 nisi
458 3128 476 3168 o
490 3107 561 3170 lleo.
580 3109 681 3187 (Rom.
698 3105 779 3185 xlll.)

143 3208 246 3284 Igitur
263 3209 346 3269 Deus
375 3211 423 3268 est
448 3213 560 3269 auctor
570 3205 662 3286 juris,
686 3203 846 3281 siquidem
864 3202 948 3280 leges
962 3201 1084 3284 abipso

137 3366 167 3428 ll)
183 3366 297 3428 lludisio,
310 3367 378 3415 Iuris
389 3368 487 3416 aeluro
505 3364 682 3428 frtadomenla,
696 3361 741 3412 lib.
765 3361 786 3422 l,
802 3361 845 3412 tit.
864 3367 887 3413 l.
906 3388 936 3399 -
955 3363 1083 3424 Gonzalez,

106 3445 252 3510 Apparatus
266 3447 297 3494 de
306 3446 400 3507 origine
412 3452 438 3495 et
447 3458 577 3507 progressu
587 3443 652 3506 luris
663 3440 788 3492 canonici.

133 3527 164 3587 (2)
178 3527 208 3575 S.
223 3526 339 3586 Thomas,
352 3529 430 3587 1-2,q.
447 3529 486 3587 ar,
499 3524 531 3574 de
542 3523 606 3588 Leqe
616 3526 721 3574 eterna.
735 3521 813 3572 -Pii
829 3522 871 3583 lll,
884 3520 1006 3585 syllabus
1015 3535 1082 3572 com·

108 3605 216 3664 plectens
226 3605 365 3668 praecipuos
377 3611 469 3656 nostres
484 3604 568 3656 aetatis
583 3617 688 3665 errores,
700 3601 762 3653 LVl.
