2626 4258
466 293 539 341 etus
561 291 725 342 succinus.
1030 292 1080 344 883

100 417 175 481 aliae
191 419 235 480 ita
248 423 397 480 excusant
412 423 448 478 ut
456 417 570 478 absens
580 418 731 492 lucretur,
748 435 812 478 non
826 421 949 480 tanturn
961 418 1081 480 tructus

101 518 300 596 praebendae,
321 518 376 578 sed
400 516 496 576 etiam
523 515 775 591 distributiones,
792 535 823 578 v.
844 535 874 595 g.
895 523 1082 578 excusantur

100 615 301 695 'theologalis
323 632 361 676 eo
381 613 432 674 die
455 631 518 690 quo
539 612 691 674 lectiones
706 613 812 684 habet,
830 615 1082 676 Poenitentiarius

102 713 183 773 dum
207 713 296 774 audit
318 711 549 784 contessiones;
571 711 641 772 aliae
668 711 711 771 ita
739 718 889 774 excusant
913 719 948 774 ut
970 712 1082 774 absens

101 811 248 872 lucretur
262 808 393 890 quidem
416 809 537 870 fructus
553 808 745 886 praebendae,
770 798 956 872 nouantem
978 811 1083 872 distri-

101 909 265 983 butiones,
282 927 310 970 v.
327 927 356 988 g.
373 925 411 969 eo
429 908 526 968 modo
541 913 732 969 excusantur
751 909 814 969 dno
836 909 982 970 canonici
1002 926 1081 988 quos

101 1007 280 1086 Episcopus
295 1006 328 1065 in
340 1024 398 1067 suo
414 1005 541 1066 servitio
552 1005 680 1066 retinet.

144 1103 292 1166 Officium
315 1103 457 1164 divinum
471 1102 687 1180 capitulariter
706 1102 930 1166 celebrandum
947 1109 994 1167 est
1007 1105 1081 1166 inte-

101 1223 156 1286 pre
166 1222 180 1280 ,·
192 1220 265 1264 nam
287 1202 469 1278 canonicus,
493 1200 523 1261 vi
539 1200 587 1262 sui
611 1201 761 1276 muneris,
785 1201 846 1262 nisi
861 1203 1002 1282 legitime
1016 1204 1080 1264 dis·

102 1309 266 1382 pensetur,
283 1301 363 1362 illud
378 1301 411 1362 in
425 1300 522 1362 choro
536 1299 697 1376 persolvit,
713 1301 798 1378 quod
809 1299 955 1380 privatim
968 1302 1081 1363 recitat

103 1401 240 1462 clericus
254 1400 287 1460 in
302 1399 407 1461 sacris
430 1397 492 1460 Ubi
507 1397 680 1476 capitulum
700 1397 808 1476 paucis
823 1399 985 1460 canonicis
1004 1417 1081 1462 con-

103 1505 176 1574 stat,
193 1517 257 1560 non
273 1499 388 1558 desunt
403 1497 547 1575 exempla
559 1496 816 1574 dispensationis;
834 1516 861 1558 v.
879 1515 909 1576 g.
931 1498 1081 1577 pleraque

103 1596 212 1659 Galliae
227 1596 366 1675 capitula
378 1613 416 1656 cx
430 1594 558 1655 lndulto
575 1612 639 1654 non
651 1588 801 1655 tenentur
816 1594 959 1672 quotidie
974 1601 1079 1656 matu-

103 1696 208 1757 tinum
222 1712 295 1758 cum
308 1693 467 1774 Laudibus
483 1692 517 1752 in
533 1692 666 1754 ecclesia
678 1691 847 1754 celebrare.

146 1792 295 1856 Canonici
310 1789 834 1870 officiumpersolvuntpsallentesin
844 1791 1002 1853 chor0.Ut
1012 1810 1082 1853 mu-

103 1887 1081 1965 nerisuosatisfaciant‚nonsufficitassistere,nisicanant;con·

104 1989 235 2052 trariain
255 1985 442 2050 sententiam
452 1987 641 2049 Benedictus
657 1989 726 2049 XlV
737 1986 922 2067 profligavit.
932 1990 1081 2050 Attamen

105 2089 251 2151 canonici
259 2087 407 2166 compelli
420 2105 483 2148 non
492 2085 610 2148 debent
621 2087 659 2148 ad
673 2087 766 2148 horas
776 2103 904 2166 semper
917 2087 1081 2149 celebran-

106 2181 584 2262 dascumcantupropriedicto;
597 2181 672 2244 satis
683 2187 740 2254 est,
751 2181 1077 2244 sialtavocerecitont.

147 2287 176 2344 3.
193 2280 355 2344 Celebrctio
367 2279 463 2342 missae
480 2279 687 2339 conventualis.
707 2280 751 2340 De
763 2279 835 2358 jure
853 2281 1082 2342 communica.

105 2381 207 2461 pitula
231 2379 418 2458 regulariter
448 2382 597 2439 tenentur
621 2377 660 2436 ad
687 2376 815 2438 missam
842 2379 1080 2440 conventualem

81 2488 86 2496 “
105 2478 249 2557 quotidie
263 2476 487 2540 celebrandam
502 2493 560 2554 pro
578 2474 845 2536 benefactoribus.

147 2579 221 2638 Haec
239 2576 335 2636 missa
352 2581 399 2637 est
420 2573 627 2648 conventualis,
645 2573 751 2648 idest,
774 2578 929 2652 praesente
946 2572 1080 2652 collegio

105 2680 138 2738 et
152 2674 250 2755 ipsius
265 2674 395 2736 nomine
409 2673 449 2734 ab
462 2691 526 2734 uno
540 2672 693 2734 canonico
707 2674 899 2752 peragenda.

147 2773 329 2852 Requiritur
342 2773 437 2834 missu
451 2770 633 2845 celebrando,
649 2789 713 2833 non
735 2771 923 2851 simpliciter
935 2771 1078 2850 legenda,

105 2873 167 2955 sed
180 2871 330 2932 solemnis
345 2877 399 2932 aut
413 2874 545 2932 cantata.
562 2870 653 2932 Unde
661 2870 820 2932 Honorius
834 2871 875 2931 lll
888 2870 953 2931 ait:
977 2891 990 2926 n
1003 2870 1080 2932 Mis·

104 2989 211 3033 sarum
225 2970 379 3032 solemnia
397 2967 646 3031 conventualiter
660 2969 837 3030 celebretis.
851 2991 865 3028 n

145 3070 344 3134 Sacrificium
367 3069 540 3146 capitulare
555 3067 682 3146 quotidie
696 3068 885 3130 celebretur.
911 3068 1003 3130 Ratio
1019 3073 1077 3144 est,

105 3170 180 3250 quia
201 3169 375 3247 capitulum
396 3166 528 3246 singulis
551 3165 663 3226 diebus
685 3167 836 3244 persolvit
853 3166 995 3228 divinum
1011 3167 1081 3228 olfi-

106 3269 204 3340 cium,
220 3267 308 3346 cujus
324 3282 448 3327 sacrum
464 3269 511 3325 est
525 3282 597 3342 pars
608 3265 779 3343 praecipua.

145 3365 240 3428 Missa
267 3363 449 3444 capitularis
478 3361 706 3442 benefactoribus
726 3362 902 3444 applicando
925 3371 976 3425 est.
1005 3365 1082 3426 Haec

105 3465 256 3544 obligatio
284 3469 417 3532 constat,
448 3461 626 3543 proesertim
654 3479 691 3522 ex
710 3479 772 3540 qno
797 3461 987 3523 Benedictus
1010 3465 1079 3525 XlV

105 3565 294 3628 auctoritate
308 3560 485 3641 apostolica
499 3559 697 3622 confirmavit
708 3559 807 3620 varias
823 3559 1079 3640 congregationis

107 3661 235 3728 concilii
260 3659 488 3735 resolutiones,
514 3657 639 3737 qulbus,
670 3676 735 3720 non
758 3658 902 3722 obstante
924 3659 1080 3721 contraria
