2588 4272
389 275 661 324 aresceremus.
923 301 927 308 -
953 261 1006 321 tot

46 391 121 452 ribus
142 391 357 454 monumentis
383 398 512 456 auctum
541 393 699 456 Adrianus
721 393 735 454 I
759 392 869 456 carolo
895 391 1008 468 Magno

46 490 142 549 ltomae
155 489 242 550 dono
258 489 366 564 dedit;
383 496 576 571 quapropter
588 495 717 553 vocatur
727 489 853 550 collectio
863 486 1007 549 Adriano.

47 589 113 648 dum
129 587 280 648 Summus
293 587 437 650 Pontifex
452 588 676 650 collectionem
688 588 789 666 ipsam
803 586 1009 648 commenda·

47 683 123 757 verit,
139 700 176 744 ea
192 684 363 762 quamdam
387 686 603 764 Apostolicam
628 684 860 757 auctoritatem,
876 699 1010 761 praeser-

47 781 97 841 tim
108 781 190 859 apud
207 782 322 858 Gallos,
346 781 495 859 obtinuit,
515 788 547 846 et
561 781 679 860 passim
695 780 784 843 codec
797 799 937 842 ceccaum
954 797 1011 859 ap·

48 877 145 955 pellari
158 878 267 957 ooepit.

49 974 126 1050 fill.
145 972 333 1036 Collectioaes
345 976 547 1038 Ecclesiarum
565 977 801 1058 particularium.
818 1009 858 1021 -
871 975 1012 1055 Insignes

49 1071 185 1132 Ecclesiae
210 1073 403 1150 peculiarem
423 1075 569 1136 codicem
591 1076 779 1148 habuerunt,
801 1075 835 1134 in
852 1091 916 1152 quo
944 1079 1013 1134 tum

51 1171 157 1250 antiqui
173 1188 321 1246 canones,
335 1179 404 1234 tum
417 1173 591 1236 decretales
603 1174 806 1250 Pontificum,
818 1179 887 1235 tum
896 1177 1013 1234 statuta

51 1269 238 1346 particularia
250 1271 505 1333 continebantur.

83 1367 233 1446 vigebant
243 1371 271 1428 l.
293 1370 385 1446 Apud
401 1370 565 1432 Africanos
579 1370 667 1432 codes
678 1370 850 1451 Africanus,
861 1366 1014 1429 Breuiatio

53 1483 176 1525 emonam
192 1467 343 1527 Ferrandi
360 1467 486 1530 diaconi
498 1468 591 1548 (stt),
607 1489 747 1530 cauouum
762 1465 911 1528 eoncordia
927 1467 1015 1552 Cres·

54 1563 125 1622 conii
136 1563 287 1641 Episcopi
302 1563 392 1643 (697).

84 1663 109 1721 t.
124 1661 217 1740 Apud
239 1659 395 1739 Hispanos
420 1663 550 1743 capitula
572 1663 699 1726 Martini
722 1659 920 1724 Bracarensis
939 1657 1016 1737 Epi-

56 1756 130 1834 scopi
143 1754 237 1836 (572),
254 1755 381 1816 collectio
394 1755 429 1817 S.
446 1757 555 1818 Isidori
567 1759 761 1838 Hispalensis
777 1755 869 1836 (636).

87 1854 112 1912 3.
126 1853 218 1932 Apud
240 1853 351 1917 Gallias
373 1853 462 1916 codex
481 1875 644 1932 cauoaum;
668 1854 854 1936 Capituloriu
877 1870 959 1932 quae,
980 1851 1016 1912 in
1107 1922 1109 1925 ¹

56 1952 237 2028 generalibus
254 1951 391 2013 comitiis
402 1953 633 2032 Episcoporum
648 1961 679 2016 ct
694 1969 862 2032 procerum
875 1951 948 2024 lata,
958 1952 1018 2012 Ec·

57 2049 147 2110 clasiae
166 2049 261 2110 simul
276 2055 308 2111 et
324 2051 429 2110 Status
450 2051 592 2130 regimen
609 2052 808 2132 spectabant;
835 2047 1019 2110 Puaaormia

56 2145 144 2208 lvonis
159 2147 359 2208 (tarnatensis
376 2149 486 2225 (llll).

15 2299 16 2304 ,
88 2247 114 2303 l.
130 2245 221 2323 Apud
237 2245 410 2304 Germanos
435 2242 561 2304 collectio
582 2242 740 2323 Rapinoais
759 2241 851 2324 (906),
882 2240 1021 2302 Volumea

58 2338 224 2401 aceruum
235 2340 409 2402 Burchardi
423 2340 535 2420 (luet).

89 2439 124 2500 V.
158 2437 402 2500 collectionibus
428 2439 535 2517 legum
561 2439 717 2500 accedunt
740 2435 813 2496 libri
834 2435 955 2498 rituales
989 2439 1021 2497 ct

57 2533 231 2612 sarmatario.

90 2634 169 2694 luter
195 2633 292 2694 libros
319 2632 462 2706 rituales,
502 2631 617 2711 quibus
646 2630 869 2692 describuntur
897 2629 975 2691 ritus
1001 2647 1020 2688 a

60 2729 262 2808 Pontificibus,
276 2729 442 2808 Episcopis
456 2733 488 2790 et
502 2726 718 2789 sacerdotibus
733 2725 918 2801 adhibendi,
941 2725 1019 2786 emi-

60 2833 104 2888 net
119 2827 193 2889 Ordo
207 2828 355 2889 Bornanus
368 2826 421 2907 (l).

92 2925 282 2987 Formularia
308 2922 556 2987 conficiebantur
580 2923 620 2983 ad
648 2921 925 2984 determinandum
949 2935 1021 2978 mo-

62 3021 139 3096 dum,
155 3042 215 3104 quo
226 3022 352 3102 negotia
367 3021 451 3082 varia
462 3019 587 3098 scriptis
597 3020 725 3080 tractari
741 3019 903 3080 deberent.
931 3015 1022 3093 Ejus-

63 3123 139 3182 modi
164 3123 371 3184 lormularum
400 3118 545 3182 collectio
566 3135 624 3196 pro
646 3116 789 3180 Ecclesia
809 3118 951 3178 Romana
976 3118 1023 3173 cst

65 3215 128 3279 liber
140 3217 272 3280 diurnus.

93 3402 121 3465 (1)
130 3405 254 3469 llabiflon,
263 3403 376 3456 Narseum
386 3403 512 3464 italicum,
524 3413 547 3452 t.
564 3399 599 3452 ll.
