2620 4258
480 342 554 392 PARS
576 339 739 386 sanctius.
1051 344 1103 390 att

119 460 200 539 juris
214 477 280 538 prae
298 459 422 522 caeteris
434 457 563 534 habent,
580 457 641 518 nisi
654 461 809 535 quantum
826 473 962 520 canones
988 477 1104 522 conce·
1198 494 1201 502 ·

122 555 203 616 dunt
214 558 266 632 (l).
286 578 300 613 »

161 693 185 745 l.
200 689 286 743 Vetus
299 685 463 758 disciplina.

157 781 184 834 2.
197 776 354 849 Disciplina
365 775 533 831 novissima.

308 959 329 1005 1.
342 957 432 1004 Eorruo
439 955 498 1015 jura
509 954 582 1014 Juxta
591 931 700 1003 veterem
709 953 887 1017 disciplinam(
904 957 920 1016 l.

162 1111 184 1169 l.
207 1110 292 1170 Inter
298 1109 375 1189 juro
388 1107 644 1184 Potriurctorum,
660 1110 721 1170 tria
736 1113 825 1171 erant
840 1108 1023 1188 praecipua:
1038 1111 1105 1172 Me-

118 1206 288 1286 tropolitas
301 1206 448 1266 ordinare
466 1222 504 1268 ex
518 1207 689 1286 provinciis
705 1206 765 1267 sihi
786 1207 946 1286 subjectis,
968 1209 1103 1271 concilia

115 1321 297 1366 convocare
315 1311 346 1366 et
361 1305 507 1384 dirigere,
536 1305 765 1387 appellationes
789 1321 807 1365 a
830 1289 1103 1384 Metropolitanum

80 1394 84 1404 '
111 1401 247 1480 judiciis
261 1401 442 1464 admittere.
454 1405 571 1465 Verum
584 1403 681 1464 hodie
692 1401 863 1482 dignitates
878 1402 1103 1480 patriarchales

113 1504 149 1558 et
163 1499 371 1578 primatiales‚
396 1500 574 1578 prasertim
600 1500 633 1560 in
658 1499 843 1573 Occidente,
865 1517 931 1560 non
951 1506 1024 1562 sunt
1043 1499 1103 1561 nisi

111 1595 207 1658 tituli
222 1596 371 1672 honoris3
393 1598 496 1676 quoad
511 1597 644 1658 verbum
657 1596 788 1676 quidem
800 1603 1031 1674 remanserunt,
1048 1599 1100 1658 sed

110 1697 160 1755 ad
175 1711 295 1754 nomen
310 1694 378 1754 sine
392 1698 550 1772 potestate
563 1695 705 1756 reducta
720 1695 857 1756 fuerunt.

159 1793 199 1854 ΙΙ.
223 1794 279 1854 Jus
298 1793 462 1870 antiquum
486 1791 681 1872 Metropolittle
704 1791 889 1854 conserebat
911 1797 1102 1870 potestatem

114 1889 333 1952 confirmandi
353 1894 385 1950 et
401 1889 567 1968 judicandi
593 1890 782 1968 Episcopos3
811 1907 920 1952 verum
945 1889 1014 1951 haec
1039 1891 1102 1953 duo

111 1987 309 2067 jamdudum
336 1986 413 2047 Sedi
431 1985 623 2064 Apostolieae
647 1992 803 2048 reservata
830 1993 902 2050 sunt
922 2006 941 2050 a
959 1988 1099 2051 Summis

115 2084 327 2146 Pontificibus
342 2089 372 2145 et
392 2101 410 2144 a
432 2083 570 2146 concilio
591 2083 787 2146 Tridentino.
810 2085 909 2164 Igitur
932 2086 1103 2147 auctoritas

116 2181 445 2260 Archiepiscoporum
456 2181 546 2242 valde
559 2181 729 2242 imminuta
737 2182 816 2255 tuit;
832 2182 924 2242 variis
937 2183 1105 2262 eorumju·

117 2279 210 2340 ribus
229 2280 268 2340 ad
289 2280 439 2340 Sanctam
457 2277 574 2339 Sedem
596 2278 763 2352 devolutis,
785 2281 935 2356 ampliata
950 2287 998 2342 est
1021 2281 1098 2360 Epi-

115 2393 292 2455 scoporum
308 2381 461 2456 potestas,
478 2391 573 2452 quam
589 2374 705 2452 saepius
719 2375 929 2454 restringebat
943 2379 1098 2456 subjectio
1202 2419 1207 2431 .

116 2491 194 2554 erga
208 2474 481 2552 Metropolitanus.

161 2575 281 2636 tiorum
291 2573 361 2652 jura
380 2571 413 2631 in
428 2557 701 2650 propria'dioeoesi
717 2585 782 2632 non
797 2563 947 2632 differunt
961 2571 1001 2631 ab
1015 2571 1101 2632 ordl-

116 2671 209 2732 naria
222 2669 454 2750 Episcoporum
474 2673 641 2748 potestate.
665 2669 760 2728 Extra
778 2667 943 2730 dioecesirn
957 2669 994 2728 ad
1011 2685 1100 2728 casus

116 2771 154 2830 in
166 2769 238 2848 jure
251 2785 414 2848 expressos
424 2765 605 2846 jurisdictio
622 2783 733 2828 eorum
746 2767 848 2827 fertur
859 2763 923 2826 sive
936 2767 970 2826 in
982 2765 1099 2828 Suffra-

116 2884 248 2945 genem,
264 2866 373 2927 sivein
395 2865 671 2942 suffraganeorum
686 2862 841 2925 subditos.

220 3069 243 3114 2.
254 3065 316 3112 tura
328 3063 544 3125 Metropolitanum
556 3063 628 3123 juxta
640 3060 763 3122 vigentem
778 3059 935 3120 disciplinam
950 3063 998 3122 (tt.

161 3222 185 3282 l.
213 3219 289 3281 Jura
314 3217 590 3297 Metropolitarum
616 3213 896 3294 insuffroponeos.
920 3245 959 3262 ··-
976 3213 1099 3293 Primo,

155 3381 188 3439 (tl
204 3343 372 3446 Decretolium
386 3376 429 3424 lib.
446 3376 466 3436 1,
478 3375 519 3425 tlt.
539 3387 610 3436 xxxi,
627 3373 658 3424 de
671 3372 759 3436 Officio
768 3371 866 3436 judicis
882 3371 1018 3422 ordinarii.

154 3459 187 3520 tlt
198 3457 357 3516 Schelstrate.
375 3455 521 3506 Dissertatio
533 3454 565 3505 de
580 3453 738 3506 auctoritate
753 3451 923 3518 patriarchati
937 3455 962 3502 et
976 3455 1099 3517 metropo-

188 3551 212 3586 α.

118 3537 190 3678 mg)
203 3615 294 3679 Sogtm,
314 3615 488 3668 institutiones
505 3616 578 3681 juria
598 3614 758 3668 ecclesiastici
773 3611 877 3678 publici,
893 3629 951 3676 pars
968 3613 1054 3686 11,1ib.
1066 3613 1099 3674 11,

118 3709 179 3757 cap.
198 3710 228 3748 u.

934 3768 978 3816 it.
