2630 4250
212 199 267 246 198
383 198 539 244 EXPOSITIO
557 195 734 242 uuuuoulcs
755 197 838 242 sums
861 197 1017 244 GANONIGI.

574 403 795 460 Auulcuuus
812 405 825 457 1
897 446 901 456 .

544 560 578 599 DE
596 559 688 600 SUMMO
707 560 858 602 Portunus.

249 708 264 770 ἓ
290 708 313 758 1.
333 701 726 775 PraeeipuejurePrimetus.

251 798 266 860 ἓ
285 797 310 848 ⁶2.
333 793 448 864 Enquae
458 807 615 864 personam
627 792 663 848 R.
678 792 826 848 Pontificis
840 793 981 864 spectent.

486 987 501 1048 ς·
518 986 545 1037 1.
561 1014 590 1024 -
603 985 640 1037 Be
649 984 762 1060 J'urihus
775 984 931 1038 Primatum
992 1009 994 1014 ·

255 1137 412 1198 Primatus
424 1138 496 1216 jura
517 1137 761 1198 considerantur
775 1136 833 1197 sub
854 1134 976 1216 duplici
987 1139 1133 1214 aspectu,
1150 1137 1198 1197 vel

216 1235 249 1294 in
261 1251 386 1312 genere,
399 1235 447 1296 vel
462 1235 495 1293 in
510 1233 628 1312 specie.

251 1367 373 1430 ansrio
389 1368 426 1419 1⁶.
441 1366 481 1420 De
495 1363 612 1422 Juribus
627 1366 769 1421 Primatus
781 1365 812 1420 in
824 1379 942 1435 genere.

253 1454 376 1518 Qussno
390 1456 430 1509 2⁸.
446 1453 486 1507 De
499 1452 616 1509 Juribus
628 1453 772 1510 Primatus
785 1453 817 1508 in
832 1452 941 1524 speeie.

369 1648 483 1708 Qunsrro
501 1647 535 1698 1⁸.
545 1674 577 1682 ·-
590 1647 627 1696 Ds
643 1631 743 1695 surinus
760 1657 882 1694 mutnus
898 1657 924 1694 ui
939 1657 1042 1693 sununs.

257 1799 324 1869 Ouo
345 1770 468 1860 facilier
490 1799 601 1859 evadat
625 1795 825 1875 investigatio
849 1795 1048 1873 singulorum
1072 1794 1202 1874 jurium

218 1895 385 1970 Primanus,
400 1895 517 1974 duplex
529 1895 703 1973 requiritur
715 1893 872 1972 praenotio
882 1893 1039 1974 generalis
1053 1913 1059 1952 :

257 2029 282 2081 1.
297 2025 380 2082 Retio
390 2025 605 2082 determinandi
618 2025 714 2082 efficia
726 2028 830 2096 etjura
843 2026 998 2084 Primatus.

258 2119 285 2171 2.
299 2115 387 2172 Recte
401 2129 505 2170 eorum
517 2114 627 2170 divisis.

451 2464 472 2508 1.
487 2460 607 2509 Mensura
617 2459 714 2520 turtum
727 2459 910 2520 pontificiorum
925 2461 966 2521 (1).

220 2653 223 2660 -
262 2613 408 2674 Mensura
422 2611 542 2691 Jurium
560 2609 800 2690 pontificiorum
825 2612 885 2674 sita
910 2612 1005 2674 estin
1030 2609 1205 2672 hermenia

222 2709 391 2772 verborum
406 2709 533 2772 Christi.

266 2810 291 2868 Ι.
315 2807 370 2870 His
396 2807 522 2870 verbis:
538 2807 637 2888 Super
648 2806 722 2868 tunc
732 2816 851 2889 petrum
870 2807 1021 2890 edificabo
1035 2805 1205 2868 Ecclesiam

223 2925 326 2981 uuam,
339 2904 479 2966 Christus
492 2905 666 2984 primatum
679 2905 819 2968 instituit
833 2907 872 2966 ad
888 2906 1075 2966 servandam
1098 2903 1131 2962 in
1145 2904 1206 2964 Ee·

224 3003 320 3064 elesia
333 3003 488 3064 unitatem
502 3003 577 3064 fidei
592 3007 625 3065 et
636 3003 837 3066 ohedientiae.
850 3005 949 3064 Tanta
964 3005 1078 3064 saltem
1091 3003 1124 3062 in
1137 3002 1207 3079 pri-

224 3107 312 3162 matu
325 3105 465 3178 potestas
483 3100 576 3177 inest,
605 3105 721 3179 quanta
743 3100 959 3163 necessarium
990 3103 1038 3160 est
1054 3100 1093 3159 ad
1119 3099 1208 3160 hunc

224 3198 321 3258 tinem
331 3197 555 3262 obtinendum.
830 3251 833 3256 ,

264 3293 399 3364 Quidam
413 3294 456 3356 ite
470 3295 652 3373 intelligunt
663 3295 724 3358 hoe
736 3294 930 3375 principium
948 3313 954 3354 :
974 3291 1048 3354 Cum
1055 3293 1213 3372 primatus

258 3443 292 3501 (1)
313 3443 442 3504 Bellerini,
460 3444 493 3492 de
507 3446 537 3494 Vi
549 3459 580 3494 ae
594 3447 701 3496 Ratione
722 3447 861 3509 Primatus,
873 3459 928 3508 esp.
942 3460 961 3505 ι,
971 3459 997 3506 u,
1014 3457 1052 3492 rx.
1068 3471 1098 3480 -
1113 3445 1212 3508 soglia,

227 3520 400 3571 institutiones
410 3521 481 3584 juris
493 3523 587 3585 publici
598 3525 768 3589 ecclesiastici,
780 3541 838 3590 pers
851 3529 885 3588 11,
894 3528 940 3577 lib.
958 3526 989 3585 11,
1003 3538 1059 3585 cup.
1077 3524 1121 3587 1,§
1137 3529 1177 3574 13.
