2604 4270
226 231 256 275 vl
459 231 464 242 “
632 226 797 272 PRAEFATIO·

225 385 293 444 tem
306 374 457 442 Eoclesiae
477 373 513 440 in
537 371 679 460 legibus.
703 375 743 441 In
761 375 851 440 hunc
872 373 975 441 linem
997 373 1202 463 philosophia

222 517 307 606 juris
321 515 468 582 canonici
491 513 634 595 instituit
652 514 820 599 integrum
841 522 982 602 systema
996 517 1199 603 regularum,

226 678 298 746 quaa
315 657 377 725 sub
391 636 573 744 principiis,
589 677 627 724 ex
647 655 767 743 quihus
783 656 976 744 procedunt,
990 656 1198 724 ordinantur.

226 800 310 866 Cum
326 797 495 865 criterium
505 796 688 884 juridicum
699 797 871 865 informari
882 806 1034 886 nequeat,
1050 798 1115 865 nisi
1126 798 1202 866 dili-

224 948 341 1027 genter
357 947 504 1007 servetur
522 937 602 1006 ordo
617 938 755 1024 logicus,
774 938 847 1006 ideo
864 938 1055 1026 partitiones
1070 948 1103 1008 et
1121 939 1200 1008 sub-

224 1079 401 1149 divisiones
438 1079 544 1168 operis
574 1079 712 1166 cogitate
733 1079 882 1148 meditati
902 1101 1030 1164 sumus,
1059 1089 1097 1149 ut
1124 1083 1200 1149 nni·

224 1241 325 1290 versae
341 1220 426 1310 juris
448 1220 604 1306 materiae,
622 1219 690 1288 suis
708 1219 841 1288 sedibus
860 1220 1031 1308 restitute,
1045 1220 1087 1290 ad
1101 1243 1199 1290 suum

224 1363 408 1430 naturalem
417 1361 568 1429 ordinem
582 1371 826 1431 revocarentur.

268 1503 441 1571 Theoriam
462 1510 494 1570 et
512 1501 650 1588 praxim,
670 1501 726 1590 jus
749 1503 919 1590 publicum
935 1505 1033 1572 simul
1047 1511 1080 1572 et
1092 1504 1199 1593 priva·

224 1654 296 1712 tum
317 1645 555 1732 amplectimur.
587 1645 777 1712 Ubertatem
805 1645 930 1713 delectu
964 1653 1197 1732 temperantes,

225 1792 301 1852 ante
312 1783 424 1850 omnia
438 1783 572 1870 quidem
595 1785 765 1854 intuemur
784 1786 864 1872 quid
881 1785 922 1852 ab
938 1785 1080 1854 Ecclesia
1095 1795 1199 1854 statu-

223 1931 296 1990 tum
315 1923 432 2012 fuerit3
449 1928 563 1993 veriam
576 1945 681 2012 operae
702 1926 846 2014 pretium
858 1925 1025 2014 duximus,
1047 1935 1200 1994 nontam

225 2063 378 2150 speciales
389 2065 584 2152 quaestiones
594 2064 723 2154 prodita
733 2086 897 2134 canonum
915 2067 1201 2136 auctoritatemul-

224 2203 324 2294 tiplici
352 2203 518 2294 dirimere,
537 2227 637 2294 quam
661 2208 790 2293 regulas
812 2208 982 2293 generales
998 2227 1131 2296 ponere,
1160 2228 1201 2276 ex

223 2347 343 2437 quihus
356 2348 573 2437 quaestionum
587 2351 733 2436 ipsarum
754 2351 871 2418 solutio
883 2360 998 2439 sponte
1021 2372 1080 2420 sua
1093 2351 1201 2420 dima-

223 2499 328 2560 naret.

267 2633 319 2702 Ad
339 2631 479 2700 formam
497 2631 682 2719 scriptionis
696 2619 783 2720 quod
798 2633 926 2720 attinet,
947 2655 1028 2722 opus
1043 2633 1203 2703 dividitur

220 2775 257 2842 in
269 2782 395 2862 partem
407 2773 595 2860 generalem
607 2781 639 2841 et
652 2773 836 2862 specialem.
852 2776 930 2842 Pars
939 2773 1101 2860 generalis
1113 2794 1204 2842 com-

223 2916 374 3004 plectitur
397 2914 557 3004 principia
579 2915 723 2984 scientiae
753 2916 931 2986 canonicae.
954 2916 1033 2983 Pars
1051 2915 1203 3002 specialis

223 3057 377 3127 describit
389 3065 512 3126 statum
525 3055 675 3124 Ecclesia
691 3056 785 3144 juxta
800 3078 955 3144 canones,
968 3057 1035 3126 sive
1048 3066 1201 3144 respectu

223 3217 437 3286 personarum
452 3196 614 3284 Ecclesiae,
632 3197 698 3266 sive
716 3206 864 3286 respectu
877 3197 1063 3267 mediorum
1077 3196 1203 3286 quibus

223 3337 383 3404 instructa
393 3343 455 3422 est,
469 3337 536 3405 sive
548 3344 696 3424 respectu
708 3338 997 3407 relationumillius
1008 3359 1084 3406 cum
1094 3337 1203 3406 socie·
1260 3381 1261 3386 κ

222 3475 343 3546 tatibus
356 3474 515 3544 civilibus.
529 3477 692 3548 Monitum
711 3465 849 3550 velimus
863 3481 1029 3565 lectorem,
1044 3477 1203 3547 materias
