2620 4258
399 215 401 222 ,
454 179 528 224 PARS
551 181 713 230 sanemus,

292 361 323 409 ll.
336 387 367 398 -
376 363 485 411 Historia
494 369 519 412 et
530 363 606 414 varie
620 347 713 425 specles
724 368 879 428 Legatorum.

131 517 158 574 A
183 515 296 594 primis
321 517 471 578 Ecclesiae
486 519 610 580 saeculis
630 522 670 581 ad
694 521 763 586 hacc
788 539 887 600 usque
912 527 1068 602 tempora,

91 608 229 668 Romani
244 611 413 672 Pontifices
426 611 458 671 in
471 611 602 675 remotis
617 613 697 676 locis
712 615 770 676 sub
782 616 873 676 variis
886 617 1070 680 nominibus

92 705 275 768 habuerunt
310 709 542 772 ecclesiasticos
569 711 668 787 viros,
691 717 745 774 aut
775 731 813 775 ex
838 714 1073 792 provinciarum

93 804 262 884 Episcopis
276 806 420 878 selectos,
440 813 494 869 aut
516 807 555 869 ab
569 807 653 871 Urbe
673 811 797 886 missos,
826 812 881 890 qui
901 811 1071 874 sullicienti

93 903 284 965 auctoritate
303 905 428 975 minuiti,
450 923 520 966 suas
532 905 617 967 vices
630 907 696 969 illic
709 907 850 972 obirent.

136 999 211 1060 Pius
220 1002 272 1075 VI,
287 1001 320 1062 in
333 1005 486 1082 praeclaro
501 1021 597 1083 opere
609 1006 661 1066 cui
670 1005 781 1068 titulus
795 1026 802 1067 :
818 1006 976 1087 Responsio
988 1027 1078 1089 snper*

93 1095 291 1158 Nunciotnris
304 1101 479 1180 apostolicis,
505 1101 672 1164 historiam
694 1105 885 1181 Legatorum
907 1105 1075 1184 distinguit

94 1194 129 1253 in
142 1199 208 1255 tres
224 1197 370 1274 epochas,
384 1215 519 1276 quarum
537 1201 674 1278 primam
692 1217 710 1260 a
726 1203 843 1262 saeculo
858 1219 889 1262 1v
905 1203 943 1262 od
958 1219 987 1262 rx
1001 1219 1075 1280 pro·
1135 1249 1140 1260 .

96 1288 205 1368 trahit,
220 1295 354 1355 alterum
371 1313 389 1354 a
409 1295 526 1358 saeculo
539 1314 569 1358 m
584 1299 623 1359 ad
647 1315 699 1374 xv,
716 1300 843 1360 tertiam
858 1317 876 1359 a
891 1301 1008 1361 saeculo
1031 1315 1072 1361 xv

97 1407 199 1468 usque
212 1392 252 1452 ad
264 1409 321 1453 nos
342 1393 482 1460 deducit.

134 1542 162 1591 l.
176 1535 273 1592 Prima
282 1535 418 1608 periodus
430 1555 436 1591 :
449 1539 627 1608 Apocrisiorii
642 1545 670 1594 et
683 1542 786 1608 Vicorii
799 1541 960 1612 Apostolici.

129 1628 161 1680 2.
174 1625 309 1680 Secunda
322 1623 476 1695 periodus:
492 1627 655 1696 Leonti-noti
665 1632 694 1684 et
709 1632 799 1698 Lepoti
811 1631 842 1684 ab
855 1632 921 1686 Uale
935 1633 1019 1686 missi.

130 1716 161 1768 3.
176 1711 272 1769 Tertia
285 1713 440 1784 periodus:
457 1713 550 1785 &poti
563 1731 580 1770 o
592 1716 671 1772 lutere
684 1720 713 1772 et
726 1719 822 1775 Nuntii
834 1717 993 1790 Apostolici.

209 1932 231 1980 1.
249 1927 333 1976 Prima
342 1929 458 1992 periodus
471 1949 477 1979 ι
488 1929 656 1992 Apuanisiorii
667 1937 691 1979 at
709 1931 806 1980 Vioorii
817 1931 963 1996 apostolici.

138 2097 163 2156 1.
191 2094 390 2176 Apoerisiorii
410 2114 464 2158 scu
486 2095 676 2178 desponsatas
698 2099 782 2177 apud
804 2099 909 2159 aulam
924 2099 1075 2177 imperia-

96 2195 164 2256 lem
178 2193 380 2255 morabantur
393 2201 427 2255 ut
442 2195 640 2273 principibus
661 2213 814 2275 responsa
835 2197 1028 2259 Pontificum
1045 2202 1076 2260 et

96 2291 307 2352 Pontificibus
325 2305 476 2370 responsa
498 2292 679 2370 principum
699 2295 926 2370 patefacerent.
950 2297 995 2356 De
1008 2295 1077 2356 illo·

98 2405 176 2450 rum
187 2391 307 2468 origine
320 2396 351 2452 et
369 2394 524 2470 potestate
537 2392 639 2470 agend
645 2409 697 2452 um
711 2395 768 2452 est.

142 2489 261 2550 Eorum
275 2489 415 2569 oripinem
428 2490 617 2550 Hincmarus
628 2488 743 2567 repetit
757 2487 993 2568 atemporibus‚
1011 2489 1080 2568 qui-

99 2585 163 2646 bus
177 2587 285 2648 sedem
303 2586 429 2665 imperii
444 2585 667 2649 Constantinus
681 2584 851 2648 transtulit.
870 2587 916 2646 Ex
933 2585 1076 2663 epistolis

100 2685 135 2746 S.
149 2685 404 2770 Leonisconstat,
413 2684 485 2745 illos
494 2685 686 2747 esscsaeculo
699 2683 810 2763 quinto
819 2682 1013 2760 antiquiores
1023 2681 1077 2761 (l).
1102 2679 1106 2686 “

139 2782 190 2842 Ad
198 2786 388 2860 potestatem
397 2781 612 2862 quodattinet‚
621 2779 828 2861 Apocrisiarii
841 2779 938 2841 modo
952 2779 1075 2859 majori,

97 2880 199 2941 modo
214 2879 330 2940 minori
350 2879 539 2942 auctoritate
554 2879 720 2958 fulgentes,
743 2879 916 2958 aliquando
940 2876 1076 2956 delegati

100 2981 195 3040 erant
214 2977 254 3038 ad
283 2977 484 3056 disciplinam
506 2977 540 3036 in
554 2975 725 3056 provinciis
742 2975 997 3050 instaurandam
1020 2973 1079 3052 ipsi

5 3145 6 3148 Ἴ
99 3093 178 3138 vero
194 3077 383 3155 plerumque
403 3075 501 3137 totius
518 3075 673 3136 Ecclesia
686 3075 815 3154 negotia
825 3091 891 3136 nou
910 3088 1082 3152 proseque-

100 3173 230 3249 bantur,
247 3173 308 3234 nisi
322 3178 476 3252 quatenus
494 3171 732 3252 exequebantur
748 3171 905 3232 mandata.

143 3273 222 3335 Gum
245 3271 371 3350 negotia
389 3275 561 3333 tractarent
585 3269 763 3350 praesertim
779 3267 819 3329 ad
843 3283 955 3347 pacem
970 3267 1083 3328 llocle-

135 3446 166 3507 (1)
178 3445 306 3496 llinamari
320 3445 412 3506 Opera,
425 3450 444 3492 t.
460 3441 492 3506 ll,
502 3457 526 3506 p.
543 3445 597 3494 206.
611 3464 641 3482 -
652 3443 681 3496 S.
694 3441 791 3504 Leonis,
808 3441 884 3506 epist.
902 3443 945 3494 111
960 3439 1082 3492 ati-Julia-

103 3527 233 3586 nunna
250 3524 460 3577 collusionem.
718 3552 721 3560 »
