2588 4272
427 299 502 348 PARS
523 297 691 344 dannanus
1003 299 1055 346 108

83 425 134 488 tim
148 440 186 485 ex
209 419 496 484 consuetudinibus
506 415 731 490 Ecclesiam,
747 418 863 498 partim
872 417 1054 482 exdecretis

86 521 290 584 conciliorum
305 537 376 598 quae
390 516 551 597 prioribus
565 515 688 576 saeculis
706 515 739 576 in
758 516 883 578 Oriente
897 517 1056 580 celebrata

84 624 157 684 sunt.
176 619 274 680 Modo
302 618 419 696 plures,
438 615 535 676 modo
555 613 723 692 pauciores
749 614 963 690 inveniuntur;
981 617 1053 694 quae‘
1162 639 1165 645 ¹

85 716 199 776 diversa
214 712 357 791 ipsorum
383 710 513 789 partitio
530 707 655 787 probat,
671 725 741 768 earn
755 709 976 772 collectionem
987 730 1053 774 nou
1122 709 1125 717 ’

84 813 118 874 ab
129 828 193 872 uno
205 815 346 883 auctore,
359 809 414 870 sed
425 805 554 867 diversis
569 804 766 883 temporibus
782 807 960 868 conlectam
972 827 1047 874 esse.

117 906 342 970 lll.I)eillornm
352 903 745 964 numeroetouetoritate.-
754 903 891 964 Maxima
902 911 948 967 est
962 907 1052 969 dille-

85 1005 178 1066 reutia
190 1004 274 1065 inter
286 1002 417 1064 latinam
428 1007 459 1064 ct
470 1017 606 1080 graeeam
620 999 807 1062 Ecclesiam.
820 1003 899 1062 Nam
914 1004 1052 1066 Ecclesia

85 1101 241 1164 orientalis
258 1118 396 1164 canones
410 1104 448 1162 85
463 1117 573 1161 omnes
589 1106 620 1162 et
633 1101 771 1180 integros
786 1099 1052 1182 aceepit,³eosque

85 1203 228 1276 tanquam
248 1198 287 1260 ab
309 1197 472 1278 Apostolis
498 1197 600 1260 editos
622 1205 799 1262 veneratur.
821 1201 930 1262 Latina
944 1206 1051 1261 autem

85 1296 218 1358 Ecclesia
232 1299 273 1358 50
291 1295 411 1374 priores
432 1311 569 1356 canones
586 1301 710 1358 tautum
737 1297 868 1376 recepit,
889 1315 1006 1375 eosque
1018 1297 1052 1356 in

87 1392 181 1453 causis
203 1392 383 1472 judicandis
406 1391 564 1468 adhibuit,
590 1392 766 1470 itatamen,
782 1400 817 1456 ut
830 1393 910 1456 nihil
926 1393 966 1454 de
978 1393 1052 1454 illo-

86 1509 149 1552 rum
164 1491 286 1571 origiue
298 1491 494 1554 decerneret.

431 1688 651 1744 ARTICULUS
671 1689 700 1744 11

300 1841 334 1880 uu
346 1840 594 1880 consurrunorrnsus
613 1839 777 1881 urosromus
791 1827 839 1894 (l).

120 1979 142 2040 l.
158 1977 276 2038 Eorum
290 1975 382 2056 oripo.
399 2003 438 2021 -·-
460 1976 539 2037 Octo
552 1973 625 2036 libri
641 1972 887 2036 Conett'tutr'onum
901 1974 1050 2056 Apostoli·

87 2095 193 2152 eurum,
211 2075 321 2154 quales
340 2073 379 2132 ad
393 2089 453 2152 nos·
464 2077 686 2150 pervenerunt,
703 2090 768 2134 non
780 2073 955 2134 lueruntab
966 2079 1053 2152 Apo·

87 2173 170 2234 stolis
183 2171 302 2243 traditi,
319 2186 423 2249 neque
445 2187 463 2230 a
482 2171 515 2230 S.
537 2170 698 2232 Clemente
713 2172 855 2232 Romano
871 2171 990 2249 scripti.
1017 2170 1052 2231 ld

87 2270 221 2344 insertur,
239 2276 308 2331 turn
325 2287 362 2330 ex
377 2286 415 2329 eo
433 2269 517 2345 quod
532 2267 565 2328 in
576 2268 619 2329 eis
634 2270 733 2330 multa
745 2269 943 2349 reperiantur
956 2269 1055 2330 bisto-

86 2369 137 2430 rio
150 2375 179 2429 et
192 2368 417 2448 Apostolorum
434 2365 588 2426 doetrinae
603 2368 750 2441 adversa3
774 2372 843 2428 tum
857 2385 896 2429 ex
914 2384 952 2428 eo
966 2367 1053 2446 quod

87 2467 189 2528 Patres
202 2466 347 2545 priorum
360 2465 561 2539 saeculorum,
572 2465 644 2526 data
654 2465 831 2540 occasione,
844 2465 882 2525 iis
893 2482 1053 2544 nunquam

87 2564 130 2624 usi
144 2569 225 2625 sunt.
777 2561 781 2567 ’

123 2661 209 2732 Quod
239 2659 354 2720 attinet
376 2659 414 2720 ad
443 2663 616 2733 auctorem,
644 2675 681 2719 ac
693 2663 820 2736 tempus
835 2677 898 2737 quo
913 2658 1053 2738 primum

88 2757 268 2837 prodierint,
285 2774 348 2818 non
362 2774 424 2817 una
440 2763 487 2819 est
502 2758 700 2820 eruditorum
717 2759 883 2820 sententia.
901 2759 1054 2822 Probabi-

88 2858 143 2920 lius
170 2857 288 2920 sentire
314 2855 469 2932 videnlur,
502 2856 635 2934 quibas
671 2856 917 2918 constitutiones
942 2872 978 2916 111
1002 2861 1055 2916 aut

88 2971 117 3017 ru
133 2957 246 3018 saeculo
269 2955 408 3032 vulgatas
434 2953 528 3013 luisse
550 2954 740 3017 existimant.
759 2956 831 3016 Illas
853 2955 1057 3016 commendat

85 3055 117 3115 S.
135 3051 338 3133 Epiphanius,
355 3051 514 3130 quietunc
527 3050 560 3110 in
573 3051 618 3113 eis
632 3051 712 3113 nihil
725 3052 799 3113 fidei
814 3053 862 3114 vel
878 3051 1055 3130 disciplinae

89 3151 276 3212 contrarium
289 3149 515 3210 inveniebatur.

48 3312 52 3328 ,
124 3250 160 3310 ll.
174 3247 354 3310 Auctoritas.
370 3279 409 3292 -
423 3245 671 3309 Constitutiones
682 3246 885 3325 Apostolicae,
907 3263 980 3310 cum
995 3247 1058 3310 sint

89 3347 230 3425 antiquae,
251 3346 350 3406 multa
368 3345 625 3425 complectuntur
643 3344 741 3406 utilia.

126 3442 268 3516 Quamvis
293 3441 411 3503 luerint
437 3441 514 3501 olim
539 3457 642 3518 purae,
670 3440 812 3521 nihilque
839 3441 1056 3505 continuerint

118 3585 148 3645 (t)
164 3581 387 3643 Sebmalzgrueber,
406 3548 511 3630 Eieeert.
527 3579 693 3644 prooemwlts,
707 3579 723 3643 fi
735 3584 761 3634 l.
779 3608 809 3617 —
822 3580 909 3644 Bouix,
927 3583 963 3631 De
979 3580 1054 3646 pria·

91 3661 155 3726 cipite
163 3662 234 3727 jurio
247 3659 368 3722 canonio,
379 3671 438 3722 pars
450 3657 483 3719 11,
498 3671 553 3721 cap.
566 3670 605 3708 111.
