2620 4258
465 285 539 328 PARS
561 284 724 330 SPEGIALIS.
1029 288 1081 334 279

103 401 286 462 mentorum
297 417 476 477 removere;
489 399 585 462 rebus
597 401 714 464 sanctis
723 401 895 481 invigilare.
912 439 950 450 —-
961 407 992 465 3⁰
1008 406 1084 466 Pro-

103 499 176 577 pius
190 497 321 578 definire
334 498 345 578 (
358 499 541 579 inquantum
571 498 632 579 lepe
654 498 813 560 universali
835 500 866 560 id
884 501 1086 582 permittitur)
1157 530 1160 536 ·

106 597 369 674 loeumstempus
382 601 415 658 et
439 597 571 658 modum
594 595 708 674 quibus
722 614 773 657 res
791 597 896 658 divina
909 600 1088 678 peragenda

108 693 172 768 sit;
189 713 217 754 v.
235 713 263 773 g.
281 692 321 755 ab
339 694 489 773 Episcopi
504 693 635 758 licentia
653 695 772 772 pendet
785 697 940 774 expositio
955 696 1009 758 SS.
1028 697 1085 758 Sa·

108 790 276 852 crementi.
296 824 337 838 -
362 795 394 852 4⁰
410 791 555 854 Publicos
575 809 687 871 preces
709 792 853 863 indicere
883 793 1014 873 (comum
1040 811 1087 852 re·

108 887 283 949 errationes
303 889 461 970 statuere),
479 890 632 968 quasdam
658 889 871 969 indulgentias
899 891 1036 970 elargiri.
1049 921 1088 936 -·-

109 987 143 1044 5⁰
174 986 275 1047 Instar
300 985 436 1049 Pastoris
458 1003 559 1060 orare,
598 992 629 1049 et
651 1005 709 1066 pro
742 988 862 1066 populo
897 987 1088 1050 sacrificinm

111 1083 235 1144 offerre.

161 1267 272 1326 Qonsrro
286 1269 325 1317 2⁸.
341 1293 371 1304 -
383 1265 445 1316 tuns
457 1279 488 1316 nr
498 1279 592 1317 orarem
604 1280 714 1320 sersoorr
728 1280 808 1324 ouono
819 1282 986 1318 uncrsrrnruu
999 1269 1042 1330 (t).

153 1420 202 1480 Ad
219 1437 334 1481 munus
348 1421 484 1482 docendi
501 1423 587 1500 quod
600 1423 724 1499 attinet,
741 1424 900 1503 Episcopo
913 1421 1091 1504 committi·

111 1523 168 1578 tur
181 1517 324 1579 defensio
353 1518 439 1595 fidei,
471 1520 680 1597 praedicatio,
707 1521 889 1582 christiano
917 1520 1092 1599 juventutis
1186 1526 1188 1534 ’

3 1669 4 1676 ,
112 1615 286 1676 institutio.

156 1713 181 1772 l.
193 1711 281 1772 Fidei
292 1710 427 1791 detersio.
445 1745 484 1759 -
495 1714 728 1793 Episcoporum
742 1719 791 1776 est
810 1697 941 1793 vigilare
954 1731 996 1775 ne
1018 1713 1093 1776 fidei

114 1826 311 1888 morumque
338 1811 504 1888 disciplina
533 1810 694 1872 erroribus
720 1813 917 1892 depravetur.
947 1811 1094 1884 Proinde,

117 1907 158 1968 ad
171 1907 257 1986 ipsos
268 1913 390 1986 spectat
402 1907 500 1970 libros
516 1911 556 1970 de
567 1909 721 1986 religione
730 1914 899 1972 tractantes
921 1908 1096 1988 approhare
1183 1918 1184 1922 ’

114 2005 167 2067 vel
182 2004 364 2082 prohibere.

159 2103 277 2165 Verum
300 2103 412 2181 nequit
438 2103 615 2182 Episcopus
641 2105 851 2184 quaestionem
883 2109 936 2166 aut
962 2103 1097 2166 dubium

116 2198 204 2260 circa
219 2199 315 2260 tidem
331 2201 463 2261 definire
477 2221 485 2275 3
500 2203 606 2262 solum
618 2207 726 2264 autem
737 2204 867 2265 definita
880 2207 1009 2265 etcerta
1023 2219 1097 2264 eon·

117 2305 171 2359 tra
185 2314 306 2359 errores
318 2301 435 2371 tuetur,
453 2299 572 2358 etenim
583 2299 658 2359 fidei
672 2301 816 2361 definitio
829 2305 876 2362 est
890 2318 984 2361 causa
997 2299 1099 2378 maj0r

122 2395 200 2457 sedi
213 2395 408 2474 Apostolioae
419 2399 585 2458 reservata.

162 2491 339 2554 Proedieatr‘o
354 2491 441 2553 verbi
452 2492 549 2554 divini
572 2496 620 2554 est
631 2492 829 2572 praecipuum
843 2492 993 2571 Episcopi
1002 2492 1054 2570 jus
1068 2496 1097 2552 et

117 2590 274 2652 officium.
359 2605 364 2618 ·

165 2689 210 2748 De
223 2687 328 2749 officio
343 2687 480 2749 docendi
495 2688 660 2766 populum,
677 2685 862 2748 'tridentina
877 2685 1023 2765 Synodus
1039 2689 1099 2745 sta-

118 2784 214 2860 tuits:
235 2806 250 2843 r
264 2787 380 2846 Omnes
393 2785 567 2864 Episcopus
578 2784 680 2847 teneri
695 2802 752 2863 per
764 2801 797 2844 se
807 2783 903 2862 ipsos,
918 2782 943 2842 si
958 2781 1101 2861 legitime

119 2882 273 2961 impediti
284 2899 347 2943 non
362 2883 490 2959 tuerint,
505 2883 544 2942 ad
557 2883 813 2961 praedicandum.
830 2879 872 2962 (2)
883 2903 897 2939 o

165 2981 209 3040 Ad
220 2979 413 3058 Episcopum
428 2979 568 3058 pertinet
579 2981 631 3060 Jus
647 2979 834 3060 designandi
847 2979 893 3040 vel
906 2975 1103 3056 approbandi

121 3077 376 3140 concionatores.
392 3080 511 3139 Praeter
528 3079 696 3157 parochos,
713 3076 832 3140 nemini
851 3075 1042 3154 permissum
1059 3077 1106 3135 est

127 3175 200 3237 sine
211 3174 339 3237 licentia
348 3174 499 3253 Episcopi
510 3175 696 3254 praedicare,
708 3193 746 3236 ne
755 3173 962 3253 Regularibus
975 3170 1105 3250 quidem

124 3273 161 3332 in
174 3271 324 3333 Ecclesiis
350 3288 480 3333 suorum
501 3272 667 3347 Ordinem,
695 3271 756 3332 nisi
783 3270 1041 3333 benedictionem
1065 3268 1105 3330 ab

122 3371 285 3450 Episcopo
308 3370 500 3448 acceperint.
527 3357 714 3449 Adoneilio
734 3368 920 3430 Tridentino
944 3367 1104 3430 sancitum

159 3544 192 3604 tl)
203 3530 319 3603 Philltps',
335 3539 455 3590 Manuale
462 3540 534 3604 juris
545 3541 666 3602 cononici,
679 3540 694 3604 ἓ
706 3545 762 3591 133.

159 3623 194 3687 (2)
205 3623 273 3673 Sess.
293 3621 321 3684 V,
334 3633 391 3682 cap.
408 3634 437 3682 n,
450 3621 482 3669 de
492 3621 600 3683 Reform.
