2620 4258
243 251 294 300 810
398 248 554 296 uxr0s1r10
575 245 755 292 nunnomca
774 245 859 290 JURIS
880 247 1036 293 canoaldi.

281 367 462 446 coadjutori
484 366 647 434 confertur
663 368 803 444 potestas
821 365 991 444 supplendi
1012 364 1047 424 in
1062 363 1214 427 obeundis

242 465 357 528 muniis
390 461 636 546 parochialibus.
668 461 701 524 Si
730 462 887 543 parochus
913 463 1045 524 omnino
1070 463 1216 525 inhabilis

242 563 366 638 existat,
380 561 547 640 coadjutor
560 559 641 637 regit
650 559 845 638 parochiam.
860 559 893 620 Si
903 575 978 620 vero
991 559 1127 639 parochi
1137 559 1218 620 inba-

242 660 348 722 bilitas
373 659 414 720 sit
435 657 587 739 partialis,
610 656 723 736 nequit
745 657 913 736 coadjutor
932 674 969 718 ea
988 657 1099 720 omnia
1122 657 1215 731 obire,

243 775 315 837 quae
330 756 496 835 coadjutus
509 756 576 816 vult
588 759 620 818 et
631 758 740 833 potest
752 742 889 833 ipsemet
901 756 1040 833 explere.

210 907 212 914 .
283 859 313 919 2.
334 853 484 916 Parochis
503 870 569 915 non
587 850 781 914 inhabilibus
798 853 854 914 sed
874 851 1094 914 laborantibus
1110 853 1219 914 duna-

245 957 307 1025 xat,
331 953 445 1013 dantur
472 949 580 1011 vicarii
605 948 729 1030 proprie
750 948 830 1025 dicti,
852 949 898 1010 de
920 949 1036 1028 quibus
1059 949 1095 1010 in
1118 949 1217 1028 specie

246 1050 475 1132 agendumest.
1129 1043 1132 1050 ’
1271 1070 1272 1110 j

439 1241 473 1288 ll.
489 1266 520 1275 —
529 1238 601 1287 Notio
614 1235 768 1286 Vicariorum
779 1235 880 1298 proprie
892 1235 1025 1285 dictorum.
1051 1231 1054 1238 “

288 1391 431 1454 vicarius
454 1388 604 1452 definitur
624 1388 790 1469 presbyter
805 1389 986 1465 deputatus,
1002 1386 1042 1448 ob
1060 1387 1222 1466 ingentem

249 1489 515 1570 parochianorum
534 1503 716 1560 numerum,
734 1486 774 1546 ad
798 1485 973 1564 juvandum
998 1483 1033 1544 in
1046 1483 1222 1545 animarum

249 1603 323 1650 cura
336 1585 512 1666 parochum
526 1583 720 1645 residentem
732 1585 765 1643 et
778 1581 1070 1642 administrantem.
1272 1594 1273 1660 l

204 1695 207 1704 '
288 1687 316 1748 l.
340 1683 521 1744 Victoriarum
536 1681 705 1756 nominatio.
720 1681 801 1740 -l.
817 1680 866 1740 Ad
882 1679 1079 1758 Episcopum
1093 1679 1224 1757 pertinet
1272 1671 1273 1748 i

251 1785 433 1854 decernere,
450 1797 491 1840 an
509 1783 540 1840 et
557 1784 635 1858 quot
648 1777 782 1840 vicarios
802 1775 917 1838 debeat
929 1775 1089 1854 parochus
1100 1777 1158 1838 sibi
1172 1777 1223 1837 ad-

247 1879 392 1956 jungere.
419 1875 546 1937 Etenim
575 1875 753 1937 Concilium
777 1873 1001 1936 Tridentinum
1027 1873 1134 1936 statuit
1157 1873 1223 1953 (l):

254 1994 267 2030 a
282 1973 431 2052 Episcopi
444 1973 478 2036 in
492 1973 642 2035 omnibus
660 1972 805 2036 ecclesiis
818 1971 1054 2052 parochialibus
1071 1972 1226 2052 inquibus

252 2071 387 2150 populus
399 2069 443 2132 ita
452 2069 698 2144 numerosussit‚
709 2075 745 2131 ut
754 2087 835 2132 unus
845 2074 1024 2132 rectorncn
1034 2069 1134 2147 possit
1144 2069 1229 2130 suffi-
1273 2118 1274 2152 j

252 2165 802 2228 ceresacramentisministrandiset
812 2167 912 2228 cultui
921 2165 1027 2227 divino
1038 2167 1228 2247 peragendo,

253 2268 368 2343 cogant
382 2270 532 2354 necturae,
546 2261 603 2323 sibi
616 2271 659 2323 tot
668 2262 831 2324 sacerdotes
842 2262 883 2323 cd
895 2262 947 2323 dcc
960 2283 1066 2324 munos
1075 2263 1231 2345 emungere
1273 2301 1274 2314 κ

253 2367 332 2440 quot
346 2361 504 2423 sufficiant
519 2361 559 2421 ad
577 2365 775 2426 sacramenta
787 2360 965 2423 exbibenda
978 2366 1009 2422 et
1022 2362 1147 2422 cultum
1159 2362 1232 2424 diui-

252 2475 331 2520 num
349 2458 593 2520 celebrandum.
613 2478 628 2514 a

293 2551 664 2618 nluxtaverhaconcilii
678 2557 709 2615 et
715 2554 894 2616 innocentii
904 2553 1233 2632 Xlll,vicariiabipsis

254 2651 402 2731 parochis
432 2650 506 2728 eligi
540 2656 769 2712 consueverunt
785 2653 987 2730 ,postquam
1009 2650 1048 2712 ab
1071 2651 1235 2732 Episcopo

255 2743 424 2806 examinati
440 2748 472 2806 et
483 2742 651 2822 approbati
663 2745 842 2806 erantNon
854 2744 971 2806 sufficit
986 2743 1112 2823 ecsjam
1124 2743 1237 2823 proba·

254 2847 304 2904 tos
324 2841 419 2902 luisse
436 2842 476 2900 ad
499 2840 736 2916 confessionem
758 2842 813 2904 sed
830 2841 1008 2904 necessaria
1022 2847 1072 2904 est
1091 2843 1236 2922 specialis

255 2937 445 3020 approbatio
460 2937 501 2998 ad
521 2954 634 3000 munus
647 2939 790 3000 illorum.

296 3035 329 3098 Si
342 3033 500 3096 Parocbus
515 3035 648 3098 vicarios
664 3053 823 3098 assumere
844 3036 994 3116 negligat,
1010 3036 1123 3100 vicarii
1138 3037 1237 3116 depu-

253 3132 362 3195 tantur
376 3131 415 3194 ab
433 3131 602 3212 Episcopo.
620 3135 739 3215 ltaque,
754 3137 885 3214 propter
898 3134 1094 3214 indigentias
1109 3139 1236 3213 tempo-

182 3234 184 3239 '
258 3246 339 3305 rum,
363 3247 473 3292 eorum
487 3229 649 3309 deputatio
671 3236 702 3292 et
715 3231 852 3293 remotio
870 3231 903 3292 in
918 3232 1027 3294 multis
1045 3231 1125 3294 locis
1140 3231 1235 3293 hodie

258 3327 297 3386 ad
310 3327 504 3406 Episcopum
519 3333 674 3407 spectant.

297 3423 484 3503 3.Episc0pi
496 3426 708 3488 determinant
715 3425 954 3490 convenientem
965 3431 1238 3491 aorumsustenta-

291 3585 325 3648 (1)
340 3584 545 3648 sess.xx1,cap.
560 3601 593 3648 ιν,
609 3587 641 3637 de
655 3587 767 3650 Reform.
