2620 4258
445 341 519 384 PARS
542 341 705 384 sanemus.
1016 343 1067 388 315

138 461 164 521 l.
191 457 282 518 Nulla
304 456 408 518 existit
423 455 558 518 absolate
574 457 726 518 necessitas
750 459 959 524 conciliorum
975 477 1071 538 gene·

101 551 223 614 ralium.
236 553 271 614 ld
284 552 436 631 probatur
444 553 563 632 triplici
572 554 696 616 ratione
708 575 715 616 ε
725 556 835 636 pri'mo,
847 573 951 636 neque
963 557 1072 634 Scrip-

101 657 169 712 tura
181 667 284 728 neque
301 649 472 712 traditione
484 652 613 714 affertur
628 651 801 730 positivum
822 659 853 714 et
880 653 1072 714 determina-

99 753 167 810 tum
190 747 304 810 Christi
318 752 526 826 praeceptum.
545 779 585 796 -
597 747 739 826 Secundo,
765 766 823 828 per
839 751 928 830 plura
957 749 1073 810 sarcula

99 844 211 916 mediis
224 843 392 908 ordinariis
404 845 546 907 Ecclesia
560 851 646 908 recte
668 846 841 926 gubernata
858 847 928 922 fuit,
945 847 1073 926 ejusque

99 941 199 1004 libero
218 941 350 1004 arbitrio
377 942 515 1004 concilia
538 947 612 1004 sunt
638 949 820 1005 convocata.
834 975 875 990 -
889 943 995 1020 Tertia,
1012 945 1074 1004 Ec-

100 1039 194 1102 clesia
213 1038 365 1117 disperse,
382 1055 438 1117 per
452 1041 640 1103 Pontificem
654 1041 798 1120 loquens,
824 1039 999 1100 infallibilis
1014 1045 1070 1114 est,

101 1141 132 1199 et
146 1136 311 1198 ordinariis
339 1137 579 1200 difficultatibus
604 1138 761 1218 providet.
779 1139 915 1199 Aliunde
938 1137 1074 1199 concilia

99 1249 164 1295 non
177 1238 250 1296 sunt
272 1239 411 1312 potestas
430 1235 619 1297 distinctae
647 1252 781 1314 corpore
808 1235 992 1313 episcopali,
1019 1235 1073 1294 sed

98 1335 220 1391 tantum
234 1329 423 1392 adhibentur
436 1337 471 1394 ut
494 1331 663 1394 habitualis
677 1332 875 1393 voluntatum
903 1347 1074 1393 consensus

99 1427 154 1488 fiat
167 1428 308 1490 actualis.

139 1527 259 1587 Verum
277 1524 411 1586 concilia
426 1543 491 1602 prae
505 1542 538 1586 se
564 1527 670 1587 ferunt
694 1526 836 1587 medium
861 1525 1076 1586 extraordina-

99 1623 184 1683 rium
196 1620 402 1683 ecclesiastici
416 1621 589 1700 regiminis.
609 1625 646 1684 ln
659 1623 900 1685 necessitatibus
913 1622 1074 1699 extremis
1176 1653 1178 1660 v

99 1737 173 1798 quae
186 1718 318 1780 arbitrio
335 1719 484 1780 Ecclesiae
500 1719 707 1795 estimantur,
724 1719 861 1782 concilia
879 1724 952 1781 sunt
970 1737 1076 1782 mora-

98 1815 542 1896 literneeessaria,2siquidem
552 1817 707 1878 unitatem
718 1817 875 1879 internam
885 1817 1075 1896 exprimunt,

100 1917 328 1990 externamque
340 1913 477 1974 firmant.

139 2015 170 2072 2.
199 2009 363 2072 Utilitatem
376 2011 584 2070 conciliorum
594 2011 790 2087 generalium
799 2013 936 2090 probent
949 2032 955 2072 :
968 2013 1076 2093 prime,

102 2111 210 2172 laudes
229 2109 342 2186 quibus
355 2127 374 2169 a
387 2107 532 2169 Patribus
546 2105 756 2172 celebrantur.

144 2205 286 2280 Secundo,
300 2205 421 2266 historia
436 2224 507 2284 quea
519 2206 629 2268 felices
641 2211 756 2268 'eorum
771 2209 872 2270 exitus
887 2213 1004 2270 narrat.

145 2303 253 2377 Tertio,
265 2303 374 2384 precis
390 2302 555 2389 Ecclesiae:
575 2303 610 2361 in
636 2303 810 2382 majoribus
840 2298 1078 2366 discriminibus

104 2403 256 2476 Ecclesia,
272 2399 327 2461 ubi
340 2399 511 2462 commode
525 2399 640 2476 potuit,
657 2399 802 2460 conciliis
816 2417 872 2461 usa
887 2407 950 2476 est3
968 2421 1025 2480 per
1044 2420 1080 2464 ea

104 2499 359 2578 saepiusbaereses
368 2495 544 2576 extirpavit,
553 2496 971 2575 schismateextinxit,suam
983 2499 1079 2560 liber-

103 2602 203 2658 tatem
230 2594 411 2670 vindicarit,
428 2594 542 2656 abusus
565 2594 749 2670 eliminavit,
774 2596 976 2674 disciplinam
990 2596 1081 2657 resti·

105 2694 178 2756 tuit.

146 2789 269 2864 Quarto,
283 2789 409 2853 rationes
420 2787 563 2850 coemere
574 2807 586 2848 .·
600 2788 633 2848 in
648 2787 790 2850 conciliis
811 2789 852 2850 ob
869 2788 1081 2867 frequentiam

105 2889 312 2950 Praelatorum
327 2886 524 2966 splendidior
545 2891 673 2966 apparet
685 2885 836 2947 Ecclesiae
846 2887 989 2964 corporis
1003 2885 1083 2964 epis·

106 2984 228 3064 eopalis
257 2989 289 3046 et
310 2985 515 3046 Pontificatus
543 2984 698 3064 majestas.
720 2985 877 3046 Praeterea
902 2983 1097 3070 diligentior·

106 3082 215 3145 existit
229 3081 421 3156 sollicitudo,
438 3081 600 3160 inquisitio
624 3098 730 3143 rerum
749 3081 937 3160 profundior
951 3079 1085 3141 adhibe-

107 3187 171 3256 tur,
184 3180 337 3242 maturius
352 3179 511 3258 profertur
521 3179 686 3240 sententie.
698 3181 830 3256 Insuper
840 3179 924 3255 apud
939 3176 1083 3263 subditos

109 3276 293 3338 ohedientia
319 3275 497 3354 promptius
530 3279 562 3338 et
593 3275 717 3336 suarius
753 3274 925 3336 obtinetur.
949 3277 1083 3336 Demum

108 3374 311 3436 contumacia
324 3377 511 3436 novatorum
523 3372 682 3434 efficacius
697 3371 861 3450 frangitur.
956 3371 957 3376 ’

149 3473 188 3532 ΙΙ.
215 3470 410 3532 Concilebrem
430 3468 662 3550 particularium
676 3467 790 3530 utilitas
808 3469 874 3548 jam
898 3475 1023 3533 constat
1048 3487 1086 3532 ex

110 3567 225 3631 iisdem
239 3567 414 3630 rationibus
427 3565 540 3646 quibus
555 3566 707 3646 probatur
724 3565 860 3627 concilia
873 3567 1031 3646 generalia
1039 3584 1086 3629 re·
1131 3581 1136 3594 ·

111 3667 223 3744 gimini
234 3665 385 3728 Ecclesiae
399 3665 560 3742 prodesse.
578 3655 696 3728 Verum
714 3663 747 3724 in
769 3664 873 3742 specie
901 3659 1086 3726 'aestimanda
