2604 4270
228 220 259 266 St
399 221 554 268 Elll'OSlTIO
575 219 749 265 mutuemus
771 221 854 268 sums
875 222 1029 270 canumet.

232 347 293 416 tur,
320 339 459 418 quandiu
482 338 623 401 Ecclesia
643 337 790 400 veritates
814 341 948 401 morales
971 342 1076 402 solum
1093 341 1196 417 docet,

226 438 304 517 quin
317 454 432 500 novam
447 437 569 516 praxim
586 435 740 499 doctrina
758 435 899 498 additam
914 437 1070 517 imponat.

265 537 303 598 ll.
327 535 507 614 Aliquando
531 533 713 615 doqmatibus
737 539 954 611 accensentur,
968 537 1141 618 aliquando
1162 539 1200 602 ab

225 633 289 695 illis
301 633 463 696 differunt.

266 733 410 794 Ganones
432 732 472 793 de
493 729 678 793 veritatibus
701 729 872 792 moralibus
886 733 1030 810 profecto
1043 739 1117 796 sunt
1126 734 1205 814 dog-

227 830 349 907 matioi,
362 829 417 892 ubi
430 829 577 908 quadam
591 827 749 909 principia
761 845 887 890 morum
901 829 941 891 ab
958 831 1111 894 Ecclesia
1125 833 1204 912 legi-

226 929 285 992 bus
309 932 542 1008 proponuntur,
570 945 636 989 non
662 931 786 990 tantum
809 927 1015 1008 observanda,
1037 931 1204 1007 sedetiam

226 1028 398 1091 credenda.

267 1125 390 1204 Saepius
411 1140 484 1186 vero
510 1139 648 1186 canones
662 1139 789 1184 morum
801 1122 885 1185 notis
899 1139 1058 1187 canonum
1073 1127 1206 1206 dogma·

225 1224 364 1287 ticorum
390 1239 455 1283 non
490 1221 624 1300 pollent,
654 1226 806 1300 quatenus
834 1221 937 1300 legem
960 1223 1099 1284 divinam
1118 1227 1206 1290 velut

226 1319 342 1402 agendi
377 1320 519 1401 regulam
544 1319 810 1400 interpretantur,
836 1319 913 1399 quin
947 1321 1090 1402 exigatur
1113 1329 1206 1386 actus

226 1419 312 1481 fldei.
787 1462 791 1470 .

266 1517 320 1578 Ill.
333 1518 452 1579 Eorum
465 1514 625 1577 auotoritas
639 1532 677 1576 ex
690 1514 809 1594 duplici
821 1515 909 1578 fonte
928 1517 1116 1595 desumitur,
1131 1524 1207 1582 tum

227 1631 266 1676 ex
279 1613 406 1693 objecto
430 1613 634 1688 immutabili,
651 1619 720 1676 tum
745 1631 783 1674 ex
805 1613 948 1692 ipsorum
962 1615 1205 1682 infallibilitate.

267 1716 298 1775 1⁰
313 1713 369 1775 Ec
382 1712 493 1794 objecto
507 1711 694 1778 immutabili.
710 1743 751 1758 -
771 1711 861 1774 Sicut
877 1713 1049 1788 dogmatici
1064 1733 1207 1778 canones

225 1811 369 1886 regulam
393 1827 504 1872 eorum
518 1814 659 1871 statuunt
673 1827 744 1887 quae
759 1808 893 1870 tirmiter
906 1809 939 1870 in
961 1811 1056 1872 rebus
1069 1813 1145 1876 fidei
1161 1819 1210 1876 te·

226 1909 331 1970 nenda
342 1911 425 1982 sunt,
443 1907 488 1969 ita
502 1923 640 1968 canones
653 1923 778 1968 morum
793 1913 946 1987 perpetuo
964 1909 1048 1970 firmi
1063 1911 1209 1974 stabiles-

226 2023 287 2085 que
309 2010 454 2078 manent;
481 2003 639 2082 siquidem
653 2003 686 2064 id
698 2009 843 2082 spectant
859 2007 942 2086 quod
959 2007 992 2068 in
1007 2008 1132 2070 actibus
1147 2011 1208 2072 hu·

226 2105 328 2166 manis
356 2121 414 2184 per
428 2119 471 2165 'se
494 2101 616 2164 bonum
643 2107 676 2164 et
697 2103 857 2182 agendum
884 2109 940 2179 est,
970 2106 1017 2168 vel
1038 2107 1160 2170 malum
1173 2115 1209 2172 et

225 2202 450 2266 omittendum.
476 2201 648 2262 Versantur
663 2199 796 2260 enimin
811 2202 1026 2280 proponendis
1041 2204 1220 2282 explican-v

225 2300 337 2379 disque
361 2297 532 2378 praeceptis
553 2296 725 2360 moralibus
746 2297 872 2374 divinis,
899 2299 1013 2378 quibus
1030 2300 1206 2365 hominum

224 2415 331 2462 mores
360 2397 581 2458 informantur.
608 2397 682 2458 Haec
708 2401 814 2458 autem
838 2403 999 2476 praecepta
1029 2416 1156 2460 morum
1186 2419 1207 2463 a

222 2495 361 2559 naturali
389 2494 509 2556 lumine
524 2495 676 2572 profecta,
697 2512 755 2574 per
777 2492 881 2573 legem
908 2497 1121 2576 evangelicam
1147 2517 1208 2563 sua

222 2593 418 2674 perfectione
431 2598 463 2655 et
477 2593 714 2671 complemento
725 2593 842 2654 donata
858 2593 995 2656 fuerunt.

261 2689 357 2754 ulla
368 2691 496 2774 ipsorum
511 2687 783 2770 infallibilitate.-
792 2690 1208 2757 Ecclesiaintradendisca-

222 2791 359 2854 nonibus
370 2807 496 2852 morum
507 2805 610 2851 errare
622 2805 686 2849 non
699 2792 815 2867 potest.
828 2788 964 2864 Etenim,
975 2791 1205 2856 stanteChristi

221 2889 445 2971 promissione,
476 2887 611 2967 Spiritus
624 2887 757 2948 Sanctus
770 2886 947 2948 Ecclesiam
960 2889 1055 2951 docet
1069 2907 1205 2954 omnem

221 2988 399 3063 veritatem,
415 3004 485 3066 quar
501 2985 686 3046 adsalutem
701 2985 742 3045 sit
757 2985 944 3046 necessaria.
958 2987 1054 3066 Atqui
1068 2989 1107 3048 ad
1119 2990 1203 3050 salu-

133 3129 136 3134 -
220 3089 287 3146 tem
303 3084 561 3164 consequendam
575 3083 761 3144 necessaria
774 3089 845 3146 sunt
860 3103 924 3147 non
937 3087 1034 3149 modo
1049 3088 1203 3152 veritates

221 3183 309 3258 fidei,
335 3185 391 3246 sed
412 3183 507 3244 etiam
528 3198 666 3244 morum.
688 3181 787 3260 Igitur
799 3183 866 3243 fieri
883 3184 993 3262 nequit
1003 3190 1039 3246 ut
1053 3187 1202 3249 Ecclesia

223 3279 362 3340 errando
375 3279 408 3341 id
424 3280 539 3344 doceat
552 3280 600 3342 vel
615 3278 802 3358 praescribat
818 3281 903 3359 quod
921 3280 982 3360 legi
1003 3282 1119 3344 divinae
1142 3285 1206 3344 ad-

219 3380 369 3438 versetur.
