2620 4258
444 265 518 310 PARS
539 264 702 309 sanemus.
1013 267 1068 312 305

93 383 151 444 nisi
165 381 362 462 judicialiter
376 385 409 443 et
423 399 461 443 ex
478 381 581 443 causis
595 381 627 441 in
640 381 710 460 jure
726 383 952 444 determinatis.
970 385 1068 446 Amo·

92 480 226 543 nihilitas
240 483 287 542 est
298 480 486 558 imperfecta
499 479 653 541 stabilitas
668 478 857 541 clericorum
869 480 924 560 qui
935 485 1068 558 possunt

93 579 159 638 sine
174 577 297 656 judicio
312 575 477 652 removeri,
496 577 674 655 quandoid
693 579 833 656 postulat
846 577 966 639 honum
987 578 1068 639 dim·

92 693 182 739 cesis.

129 771 327 852 Perpetuitas
336 772 479 850 sequitur
487 771 635 845 titulum;
648 771 747 846 idest,
758 770 948 832 heneficium
959 771 1067 834 stricte

92 875 255 949 sumptum
279 887 334 931 seu
356 871 467 932 titulus
484 868 688 930 'beneficialis
710 869 873 930 confertur
896 868 929 928 in
953 885 1068 948 perpe-

91 974 192 1030 tuum.
212 970 383 1046 Propterea
407 966 563 1046 parochus
579 965 767 1041 intitulatus,
780 965 934 1026 nimirum
946 966 1000 1027 ille
1012 966 1066 1044 qui

91 1083 147 1144 per
163 1065 399 1128 institutionem
420 1064 608 1126 canonicam
619 1065 752 1143 adeptus
772 1069 818 1124 est
833 1063 980 1124 beneficii
994 1063 1068 1124 titu-

91 1165 168 1236 lum,
186 1163 221 1222 tit
235 1167 414 1240 perpetuus.
435 1162 580 1222 Jamvero
599 1160 744 1240 plerique
758 1161 887 1238 parochi
900 1161 1068 1221 saeculares

91 1260 251 1342 accipiunt
263 1259 393 1321 titulum
408 1259 629 1320 beneficialem
646 1279 653 1319 :
670 1259 754 1319 unde
767 1259 923 1337 parochus
935 1259 1066 1320 saecula-

91 1358 132 1418 ris
147 1358 353 1436 praesumitur
367 1363 548 1436 perpetuus

29 1449 30 1452 ’
129 1456 269 1516 Clericus
284 1455 461 1516 amovihilis
475 1473 539 1517 non
554 1454 731 1537 instituitur
750 1453 923 1528 canonice,
935 1454 990 1514 sed
1013 1455 1070 1514 de·
1131 1531 1133 1535 ι

91 1555 221 1629 putatur
235 1551 275 1610 ad
291 1551 526 1630 heneplacitum
543 1571 550 1612 ε
566 1568 643 1612 cura
652 1551 712 1629 ipsi
728 1569 792 1612 non
807 1549 970 1612 confertur
984 1549 1017 1608 in
1026 1549 1069 1610 ti-

87 1649 193 1708 tulum
217 1645 450 1708 beneficialem.
467 1649 597 1721 Verum,
626 1647 729 1726 quoad
757 1664 867 1708 curam
892 1646 1072 1720 animarum

90 1744 314 1818 exercendam,
329 1728 414 1804 nulla
428 1745 519 1806 datur
533 1743 711 1805 differentia
722 1743 805 1805 inter
815 1743 971 1821 parochos
986 1759 1070 1803 amo·

89 1841 203 1902 nihiles
218 1846 251 1901 et
262 1845 444 1918 perpetuos.
795 1842 803 1872 ‘
890 1907 893 1912 ,

127 1940 160 1998 E.
176 1937 222 1998 De
235 1936 446 1996 omocibr'h'tote
460 1935 613 2014 quaeritur
628 1937 661 1996 in
676 1952 802 2015 genere,
824 1935 931 1997 utru'm
950 1934 1070 1996 amovi·

90 2033 196 2095 bilitas
209 2035 420 2112 quorumdam
436 2033 647 2110 parochorum
668 2034 851 2094 adversetur
870 2031 992 2112 legibus
1009 2034 1071 2094 Eo-

92 2133 213 2206 clesiae;
230 2119 264 2191 in
279 2117 396 2208 specie,
409 2129 486 2208 quid
499 2129 700 2191 sentiendum
714 2130 754 2192 sit
767 2131 806 2192 de
819 2135 902 2192 statu
915 2130 1070 2208 parocho·
1161 2206 1163 2210 ι

91 2247 161 2290 rum
184 2229 301 2290 Galliae.

128 2325 325 2404 Regulariter
350 2322 493 2384 ecelesiae
517 2321 714 2399 parochiales
739 2323 876 2382 conferri
898 2323 1016 2384 dehent
1037 2323 1070 2384 in

92 2428 295 2504 perpetuum,
311 2419 469 2498 siquidem
489 2417 644 2479 beneficia
659 2418 821 2479 secularia
837 2424 1073 2496 praesumuntur

92 2525 258 2600 perpetua.
294 2519 492 2594 Quapropter
518 2513 668 2594 Episcopi
701 2514 861 2592 parochiis
894 2514 1071 2592 praeficiunt

92 2623 233 2679 rectores
253 2613 485 2686 inamovihiles,
506 2611 569 2672 nisi
587 2611 678 2672 aliter
693 2611 765 2690 jure
785 2611 914 2690 speciali
937 2611 1075 2688 disposi-

95 2719 164 2775 tum
180 2714 287 2775 fuerit.

130 2815 282 2873 Attamen
302 2807 443 2870 Ecclesia
459 2807 614 2884 quosdam
638 2805 796 2884 parochos
816 2803 1001 2865 amoribiles
1016 2804 1072 2864 ad-

94 2909 192 2972 mittit
207 2907 261 2989 (l).
274 2908 340 2968 Etsi
353 2907 475 2985 possint
484 2903 634 2980 amoveri,
650 2903 786 2965 attendit
798 2903 974 2982 Episcopus
987 2905 1021 2964 ut
1031 2903 1072 2962 de

93 3009 178 3069 facto
191 3024 255 3068 non
270 3009 491 3066 removeantur
505 3003 573 3064 sine
586 3001 730 3080 legitima
745 3017 848 3062 causa.

28 3087 29 3104 ¹
132 3107 285 3165 Rectores
308 3101 536 3163 succursalium
557 3101 591 3160 in
614 3099 713 3160 Gallia
736 3103 808 3160 sunt
826 3095 1012 3158 amoribiles
1034 3113 1072 3158 ex

97 3203 258 3264 decisione
272 3199 530 3278 Congregationis
545 3177 678 3258 Consilii
692 3195 746 3275 (2).

127 3367 158 3426 (1)
178 3363 320 3416 Concilium
344 3363 527 3422 fridestanum,
542 3374 602 3411 sess.
617 3361 670 3422 Vll,
681 3373 737 3422 cap.
750 3373 795 3408 vn.
809 3385 836 3394 -
848 3357 953 3420 eiraldi,
969 3357 999 3408 cle
1022 3359 1072 3408 Pa-

99 3445 183 3506 roria,
192 3443 314 3506 appendix
329 3444 367 3491 11.

128 3527 182 3585 tit«
202 3527 237 3574 Ex
257 3521 385 3572 audientis
404 3519 558 3570 Sanctissimi
570 3519 610 3568 die
622 3518 708 3590 prima
720 3516 781 3566 maii
798 3519 858 3568 1815
876 3515 1074 3566 :sanctissimus

100 3622 111 3647 ι
127 3605 250 3654 Dominus
265 3608 357 3664 noster,
367 3601 484 3652 universa
499 3599 536 3650 rei
547 3599 644 3660 ratione
653 3605 750 3648 mature
761 3611 893 3660 perpensa,
908 3597 1073 3658 gravibusque
