2604 4270
448 247 672 293 enmuorronns.
834 225 838 234 '
1008 249 1042 294 lc

81 365 207 428 sdentiae
230 331 377 440 formam,
406 366 460 426 sed
492 366 601 444 populi
629 366 731 426 fidelis
757 364 1043 426 sanctificationem

79 463 262 542 spectabant.
289 461 458 523 Enimvero
477 462 503 521 si
522 462 675 542 praeclara
697 465 826 524 Patrum
850 479 946 542 opera
975 479 1044 522 ma-

79 560 158 621 nibus
173 561 286 634 volvas,
310 559 344 618 in
359 559 486 637 scriptis
505 576 616 620 eorum
630 577 716 621 nunc
732 560 940 622 admiraberis
954 559 1042 621 theo-

79 661 259 734 logos,nunc
282 656 535 735 sapientissimos
558 674 718 738 canonum
740 657 887 718 doctores
909 663 940 718 et
962 673 1045 735 prae-

78 759 208 831 ceptores
237 751 388 816 morum
404 755 516 830 Iidem,
535 755 589 834 qui
622 756 696 816 fidei
726 757 874 836 dogmata
904 755 1043 833 quodam

77 859 206 930 tempore
231 851 444 927 vindicabant,
470 852 532 914 alio
549 858 693 932 tempore
720 854 897 915 doctrinam
917 869 1043 914 morum

77 949 272 1026 explicabant,
288 956 320 1012 et
334 952 418 1029 leges
434 951 662 1013 ecclesiasticas
676 953 725 1013 vel
738 952 920 1014 condebant
934 953 982 1012 vel
995 951 1045 1010 in·

78 1046 330 1125 terpretabantur.

110 1145 240 1224 Contigit
263 1146 432 1208 veritatum
454 1145 708 1225 theologicarum
732 1147 922 1220 evolutione,
947 1152 1042 1226 atque

78 1258 219 1303 canonum
235 1243 416 1304 diversitate
428 1261 523 1322 quam
533 1243 729 1305 incrementa
742 1244 956 1305 Ecclesiarum
969 1261 1043 1322 pos-

77 1338 187 1416 cebant,
208 1345 244 1416 ut
263 1342 408 1402 cumulus
422 1340 496 1402 fidei
512 1341 757 1419 expositionum,
777 1342 958 1420 regularum
974 1358 1045 1404 mo-

76 1437 174 1498 ralium
197 1443 228 1500 et
254 1455 412 1499 canonum
427 1439 561 1498 mirifice
578 1443 760 1516 augeretur.
779 1439 824 1498 Ea
838 1455 888 1498 res
901 1455 1045 1517 segrega·

77 1533 178 1595 tionem
189 1553 227 1597 ac
241 1536 337 1598 veluti
351 1536 538 1597 divisionem
550 1535 710 1596 bonorum
722 1539 814 1595 antea
824 1535 1044 1598 communium

77 1633 192 1709 peperit,
222 1637 259 1694 et
280 1633 426 1694 scientias
453 1649 556 1694 sacras
578 1631 724 1694 scindere
747 1631 779 1690 in
795 1638 899 1709 partes
918 1633 1042 1712 coegit;

77 1735 120 1790 mi
137 1731 267 1808 quidem
290 1731 450 1792 attributae
478 1736 550 1792 sunt
583 1729 731 1790 veritates
755 1730 954 1808 dogmaticae,
978 1731 1048 1792 aliis

77 1830 165 1887 autem
185 1833 351 1906 praecepta
370 1845 495 1890 morum
510 1833 541 1888 et
554 1843 703 1888 canones.
995 1835 998 1841 '

108 1925 315 1991 Verumnulli
335 1927 413 1986 lines
434 1926 514 1986 adeo
529 1925 656 1986 stabiles
675 1925 803 1984 fuerunt
818 1924 985 2010 designati,
1010 1929 1056 1987 ut

77 2035 222 2099 nunquam
244 2023 346 2085 altera
357 2023 531 2102 disciplina
551 2023 585 2083 in
606 2022 734 2084 alterius
759 2021 939 2082 dominium
961 2022 1046 2082 inva-

79 2116 163 2180 deret.

109 2217 141 2277 ll.
157 2218 191 2277 ln
205 2218 318 2280 medio
331 2235 408 2294 aevo,
420 2219 543 2297 vigente
556 2217 751 2292 scholastica,
768 2215 928 2294 theologia
940 2219 972 2277 et
984 2215 1044 2275 dis·

78 2311 181 2390 ciplina
194 2316 353 2378 canonica
368 2333 508 2376 seorsum
522 2315 648 2376 traditae
662 2315 799 2374 fuerunt.

110 2411 184 2474 Hinc
198 2413 344 2492 theologi
359 2429 375 2472 a
391 2412 562 2474 canonistis
579 2411 720 2472 distincti
737 2415 821 2472 sunt.
844 2411 899 2472 Jus
913 2409 1045 2470 canoni·

78 2523 140 2568 cum
158 2528 221 2572 non
241 2510 380 2590 amplius
399 2509 634 2572 consideratum
647 2507 705 2588 luit
724 2512 759 2569 ut
773 2524 844 2586 pars
859 2507 1042 2585 theologiae,

78 2607 123 2666 sed
140 2609 234 2670 veluti
249 2608 383 2670 scientia
396 2607 546 2686 suijuris.
645 2638 647 2642 ·

109 2705 157 2768 lll.
170 2709 196 2768 A
210 2709 331 2768 sacculo
344 2707 425 2780 XVI,
442 2706 492 2784 jus
507 2703 755 2766 ecclesiasticum
768 2700 932 2780 publicum
948 2699 1044 2760 etiam

78 2799 257 2866 discernitur
272 2822 290 2871 a
304 2804 374 2882 jure
392 2803 523 2881 privato.
543 2802 715 2880 Postquain
729 2803 943 2861 Protestantes
958 2796 1045 2858 ordi-

77 2904 137 2960 nata
147 2901 303 2962 methodo
317 2905 508 2980 potestatem
518 2898 765 2961 ecclesiasticam
780 2912 963 2976 oppugnare
983 2911 1044 2956 coe-

75 3003 187 3074 parunt,
204 3004 237 3060 et
253 2997 421 3077 Regalistae
436 2997 564 3057 nefariis
576 2991 796 3076 systematihus
808 2994 881 3072 jura
892 2993 1042 3054 Ecclesiae

76 3091 254 3156 labefactare
270 3099 436 3170 conantur,
462 3112 499 3154 ex
513 3111 550 3155 eo
562 3093 628 3173 jam
641 3099 785 3172 tempore
806 3088 949 3150 animum
967 3105 1044 3150 con-

76 3193 215 3254 vertimus
231 3195 272 3254 ad
288 3194 340 3273 jus
348 3192 520 3272 publicum
534 3191 684 3252 Ecclesiae
700 3185 935 3250 stabiliendum.

107 3291 213 3372 ltaque
230 3292 283 3352 alii
306 3290 479 3351 canonista
491 3292 542 3369 jus
555 3288 731 3367 publicum,
746 3285 799 3346 alii
813 3285 862 3365 jus
872 3285 1040 3364 privatum,

77 3386 118 3447 alii
131 3394 304 3470 utrumque
316 3387 411 3450 simul
421 3387 656 3468 aggrediuntur.
