2620 4258
254 275 305 324 812
420 279 576 327 ttxnostnttt
597 279 773 326 uuuuomcu
795 280 877 326 tuuis
900 280 1056 327 ctuoutcn.

655 483 784 544 CAPUT
806 484 819 542 1

589 641 646 690 De
673 639 881 688 conciliis.

286 811 351 862 Aun.
367 809 387 862 i.
403 806 483 863 Notio
498 807 702 864 conciliorum.
943 865 949 875 ,

287 899 353 952 Aac.
369 896 402 952 u.
417 896 580 966 Rogutaede
597 896 790 953 conciliorum
799 895 1015 964 convocatione,
1033 894 1222 952 celebratione

251 987 281 1040 et
294 984 523 1041 confirmatione.

286 1076 352 1129 Anu.
372 1073 418 1129 ut.
440 1073 602 1130 Auctoritas
616 1071 818 1129 conciliorum.

612 1270 832 1326 ARTIGULUS
850 1271 864 1324 1

558 1426 655 1465 uculo
680 1425 916 1464 concinionum.

284 1566 302 1629 ς
316 1566 342 1618 t.
357 1562 551 1618 Conciliorum
563 1563 694 1620 definitio
709 1563 738 1618 et
752 1563 872 1634 species.

217 1703 220 1709 .
286 1653 340 1716 §2-
357 1653 464 1708 Eorum
479 1651 559 1722 origo
573 1655 602 1708 et
613 1652 733 1708 utilitas.

404 1844 419 1908 ξ
432 1842 459 1893 1,.
469 1869 500 1878 —
513 1842 696 1895 conciliorum
709 1841 833 1894 definitio
849 1843 878 1892 at
894 1839 1003 1906 species
1016 1841 1062 1904 (1).

288 1995 312 2054 Ι.
329 1993 480 2073 Definitio.
496 2027 537 2039 -
556 1996 697 2056 Concilio
713 1994 926 2057 ecclesiastica
950 1993 1142 2055 definiuntur
1160 2011 1167 2052 :
1183 1991 1216 2052 u-

247 2089 348 2172 yitz'mi
364 2098 517 2153 cucumae
534 2091 564 2166 in
582 2091 686 2172 quibus
704 2093 818 2172 uepott‘a
832 2091 973 2154 Ecclesia
993 2091 1175 2164 ordinantur,
1194 2096 1218 2148 et

249 2187 378 2249 Prolati
393 2187 544 2270 judicant.
562 2220 602 2234 -
615 2189 738 2252 Dicitur
764 2193 795 2250 1⁰
818 2189 951 2271 lept'timi,
965 2207 1041 2250 nam
1055 2191 1217 2250 conventus

248 2291 359 2347 contra
378 2302 514 2358 canones
529 2286 707 2347 celebratus
726 2303 792 2348 non
807 2293 855 2348 est
868 2286 1053 2361 concilium,
1081 2286 1135 2346 sed
1149 2301 1218 2345 con·

248 2381 445 2444 citiahutum.
461 2417 502 2428 —
518 2387 550 2444 2⁰
561 2383 685 2464 Nepotio
698 2384 838 2445 Ecclesiae
853 2388 997 2462 spectant
1012 2384 1120 2457 fidem,
1135 2382 1218 2443 disci·
1270 2397 1271 2427 ³

247 2479 377 2557 plinam,
393 2481 560 2556 unitatem,
578 2488 639 2544 etc.
657 2514 697 2526 -
710 2483 741 2542 3⁰
755 2481 892 2555 Proetoti,
916 2482 1074 2560 siquidem
1092 2480 1220 2542 concilia

245 2577 423 2654 pnaesertim
444 2578 610 2657 Episcopis
630 2583 880 2658 componuntnr.
896 2582 980 2638 -4·
1001 2575 1221 2656 Proelatijudt-

246 2682 332 2750 cont‚·
345 2674 394 2736 his
408 2674 513 2736 verbis
536 2673 679 2738 definitio
695 2693 759 2737 non
773 2675 915 2738 excludit
929 2675 1085 2756 synodum
1107 2673 1221 2734 dioece-
1269 2713 1270 2728 2

243 2786 363 2846 sanam,
381 2771 415 2830 in
427 2789 488 2850 qua
500 2772 585 2832 sotus
600 2771 776 2851 Episcopus
790 2774 875 2852 loges
894 2772 1015 2834 statuit.

204 2928 206 2934 s
283 2865 376 2928 Juxta
389 2867 471 2930 hanc
486 2869 717 2946 definitionem,
734 2875 803 2931 tum
816 2888 834 2931 a
846 2869 991 2950 personis
1007 2868 1220 2931 convenienti·

245 2962 315 3040 bus,
330 2969 432 3027 tuma
453 2967 589 3046 negotiis
614 2967 811 3044 ordinandis,
832 2967 917 3028 atiud
933 2973 981 3028 est
996 2971 1100 3028 coetus
1115 2965 1218 3037 civilis,

245 3061 331 3126 atiud
346 3063 519 3126 concilium
532 3064 799 3130 ecclesiasticum.
819 3063 968 3140 Tertium,
977 3081 1090 3143 genus,
1113 3077 1220 3141 nempe

246 3159 477 3242 Episcoporum
502 3168 533 3224 et
558 3163 714 3225 laicorum
741 3161 873 3224 comitia
891 3162 991 3223 mixta
1011 3162 1129 3241 quibus
1151 3160 1221 3222 otim

246 3257 330 3337 leges
345 3261 567 3325 ecclesiasticae
581 3267 612 3324 et
627 3261 735 3322 civiles
748 3259 888 3322 condita
904 3265 987 3334 sunt,
1004 3261 1045 3320 ad
1061 3265 1221 3337 utramque
1267 3335 1268 3338 Ἴ

278 3440 313 3504 (tt
325 3445 479 3503 Jacobotios,
497 3445 628 3494 Tractatus
639 3443 672 3494 de
689 3443 800 3494 concilio.
816 3470 845 3481 -
860 3443 973 3506 Bonan-di,
991 3443 1181 3494 Commentario
1201 3442 1223 3488 in

243 3523 516 3665 {gyleicsceletwimum’
538 3532 599 3575 tom.
621 3525 649 3587 1,
670 3523 768 3574 dissent.
791 3523 814 3573 Ι.
829 3522 983 3586 -Audisio,
999 3523 1074 3573 Droa’t
1097 3521 1180 3588 public
1194 3519 1222 3568 de

353 3637 361 3663 ,
388 3638 395 3652 .
426 3639 432 3652 .
