2588 4272
414 281 489 328 PARS
511 282 674 330 septuns.
981 284 1035 334 ssb

99 395 181 457 Inter
194 394 330 459 clericos
349 401 380 462 et
390 397 498 473 laicos,
508 399 580 480 jure
593 400 710 479 partim
722 397 840 477 divino,
852 401 971 483 partim
986 417 1039 466 ec·

67 491 246 569 clesiastico,
268 495 472 576 interjectum
492 501 541 558 est
557 497 686 560 tertium
702 517 800 579 genus
815 517 1035 580 personarum,

66 607 170 671 nempe
182 593 386 674 regularium.
405 593 564 675 Equidem
577 601 675 658 status
691 597 855 680 religiosus
875 599 908 660 in
922 615 1038 680 genere

63 690 149 752 aDeo
165 690 255 754 ducit
268 689 435 772 originem,
453 700 607 774 quatenus
630 696 772 759 Christus
793 697 882 760 dedit
904 697 1039 760 consilia

65 789 250 869 evangelica;
274 790 391 870 singuli
408 797 516 856 autem
538 793 666 858 ordines
680 781 839 878 regulares
857 801 932 861 sunt
949 794 1041 859 insti·

65 886 187 949 tutionis
199 889 435 954 ecclesiastice.

94 1037 236 1098 Ttrnnnsl.
275 1041 315 1098 De
328 1041 454 1100 Cleriols.

95 1127 206 1187 'inatus
216 1131 251 1188 11.
274 1131 313 1190 De
327 1131 530 1204 negatoribus

94 1217 207 1276 liranus
216 1221 264 1278 lll.
276 1219 316 1278 De
330 1220 432 1280 Laicis.

413 1441 681 1511 iltutusl

443 1622 482 1667 nn
505 1613 652 1668 cnnnrcrs.
712 1609 734 1681 f

97 1787 271 1854 Hieron-ctio
283 1791 400 1854 dicitur
412 1796 481 1854 tum
493 1796 635 1872 potestas
655 1790 841 1870 spiritualis,
853 1795 923 1854 tum
940 1791 1040 1854 series

66 1906 260 1966 personarum
282 1908 353 1969 quae
376 1907 446 1954 eam
470 1896 630 1952 exercent.
648 1891 713 1952 Sub
729 1889 790 1952 isto
806 1895 954 1970 respectu
978 1891 1040 1951 du-

66 1985 131 2064 plici
144 1988 355 2068 considerata,
375 1988 525 2050 delinitur
542 2008 549 2049 :
565 1978 702 2050 Potestas
716 2008 734 2048 a
751 1986 869 2050 Christo
881 1987 940 2049 suis
958 1988 1038 2070 Apc-

67 2084 136 2146 stotie
147 2105 303 2168 eorumque
320 2086 459 2168 lepitimis
471 2086 679 2148 successoribus
698 2086 820 2162 tributa,
837 2083 1040 2148 utEcelesrcm

67 2193 168 2262 repunt,
193 2194 222 2248 et
242 2184 340 2246 divina
356 2185 662 2268 retipicnismysteria
684 2184 925 2268 eelebrentatque
937 2183 1038 2247 dt'stri-

67 2278 144 2343 buant
157 2282 211 2364 (l).

98 2381 122 2443 l.
142 2380 300 2463 Mult'pteu
313 2389 444 2464 potestus
465 2381 663 2445 ecclestcsticu.
684 2415 724 2428 -
742 2382 883 2444 Christus
899 2386 946 2444 est
960 2381 1037 2444 doo-

66 2481 119 2554 tor,
133 2497 188 2541 rex
202 2485 235 2542 et
250 2481 406 2543 sacerdos.
425 2481 503 2541 Cum
512 2485 657 2567 'potestas
671 2480 823 2543 Ecclesiae
837 2478 966 2543 nonnisi
979 2496 1038 2557 po-

64 2579 150 2639 testas
172 2577 289 2640 Christi
311 2573 361 2653 sit,
386 2577 495 2641 habita
506 2578 629 2641 ratione
643 2578 734 2640 istius
748 2563 884 2657 triplicis
898 2577 1037 2638 muneris

67 2689 95 2736 ea
112 2676 265 2738 trifariam
289 2674 439 2740 dividitur
457 2677 489 2738 in
512 2676 742 2758 magisterium,
766 2674 981 2736 ministerium
1006 2680 1038 2736 et

65 2771 240 2853 imperium.
263 2775 451 2837 Perduratio
468 2775 562 2854 hujus
579 2775 716 2855 triplicis
731 2773 896 2854 potestatis
911 2772 1039 2851 proprie

65 2888 121 2935 non
134 2879 182 2937 est
192 2873 254 2935 nisi
270 2873 490 2943 continuatum
505 2892 584 2955 opus
597 2873 777 2955 Salinatoris,
791 2879 849 2951 per
863 2870 1038 2934 Ecclesiam

65 2987 145 3034 suam
159 2972 355 3036 incessanter
364 2971 512 3036 homines
529 2973 686 3052 docentis,
700 2968 927 3036 sanctificantis
939 2975 971 3032 et
980 2987 1037 3050 gu-

64 3065 226 3134 hernantis.

96 3168 194 3249 Igitur
216 3168 278 3230 ista
303 3167 365 3232 tria
387 3186 520 3248 munera
541 3169 741 3232 constituunt
757 3167 920 3248 objectum
939 3184 1037 3229 sacrae

66 3267 231 3344 potestatis.
256 3266 370 3328 Tribus
393 3263 607 3348 potestatibus
628 3266 787 3346 ejusmodi
808 3266 1037 3345 correspondet

66 3364 173 3446 triplex
186 3365 362 3443 vinculum,
382 3383 446 3446 quo
469 3366 579 3428 fideles
600 3361 752 3428 Ecclesiae
767 3363 1036 3444 conglutinantur,

90 3565 123 3633 (t)
135 3567 233 3632 Detoti,
244 3569 433 3622 Institutionum
452 3569 630 3624 acumicorum
644 3568 689 3622 lib.
712 3571 736 3636 l,
747 3569 789 3622 tit.
805 3569 825 3622 1.
839 3594 869 3608 «-
886 3569 989 3634 Hallier‚
1003 3567 1041 3621 De

64 3643 207 3715 tietantia,
222 3663 251 3715 p.
267 3650 321 3704 ru.
933 3663 935 3670 ’

171 3749 197 3798 1,
899 3744 914 3792 0
