2626 4258
482 271 554 320 PARS
577 269 741 321 srnerntts·

343 495 364 545 t.
375 493 517 544 Auctoritas
533 483 616 556 legum
628 493 725 544 concilii
735 491 871 554 generalis.

162 677 347 756 Hujusmodi
361 677 445 755 leges
460 680 532 738 sunt
545 677 593 752 vel
605 692 740 736 canones
756 674 928 758 dogmatici
943 675 991 738 vel
1004 675 1090 754 leges

121 775 346 856 disciplinares.

156 875 180 940 Ι.
197 873 372 935 Concilium
387 872 543 950 generale,
560 889 579 932 a
601 871 901 934 SummoPontiiice
921 873 1091 934 confirma-

117 978 200 1046 tum,
229 977 276 1033 est
314 971 483 1032 inlallihile
510 969 543 1030 in
570 971 644 1032 fidei
673 969 920 1032 delinitionibus.
953 971 1091 1032 Proinde

118 1070 282 1130 hacreticus
296 1068 349 1129 illc
359 1068 524 1128 habendus
535 1072 592 1144 est,
609 1068 663 1149 qui
674 1067 915 1130 eonciliofldem
926 1067 1089 1130 definienti

118 1186 179 1228 non
193 1165 372 1228 assentitur.
682 1236 683 1244 ἵ

155 1266 191 1326 Il.
208 1267 264 1326 lus
282 1263 403 1324 ferendi
418 1265 503 1343 leges
521 1263 737 1343 disciplinares
751 1265 784 1325 iu
798 1263 941 1326 conciliis
957 1279 1089 1342 genera-

116 1363 197 1426 libus
209 1363 337 1424 residet.
352 1363 412 1422 Ista
427 1363 564 1436 decreta,
580 1363 702 1424 ratione
717 1364 859 1444 ejusdem
871 1361 1088 1424 confirmatio-

35 1521 36 1524 ,
115 1461 173 1536 nis,
193 1461 370 1524 universam
385 1461 561 1525 Ecclesiam
576 1461 727 1540 obligant.

315 1675 340 1724 2.
352 1674 389 1722 Au
402 1673 534 1722 concilium
545 1672 577 1724 sit
588 1687 666 1736 supra
681 1675 712 1725 R.
728 1673 882 1732 Pontillccm.

152 1845 179 1904 A
193 1843 341 1920 praesenti
354 1843 530 1921 quaestione
544 1843 634 1904 abest
653 1860 743 1904 casus
758 1841 946 1916 schismatis,
961 1841 994 1901 in
1009 1859 1085 1920 quio,

113 1939 255 2022 pluribus
271 1941 311 2002 de
324 1947 443 2022 papatu
459 1940 737 2016 contendentibus,
752 1939 892 2002 Ecclesia
905 1939 1004 2020 pollet
1014 1940 1086 2020 jure

112 2037 171 2099 siti
190 2037 329 2117 eligendi
345 2047 467 2101 certum
484 2045 589 2121 caput.

150 2137 232 2198 Ante
246 2139 398 2200 soeculum
409 2155 472 2212 xiv,
486 2139 607 2200 nemini
618 2139 650 2198 in
661 2141 802 2200 mentem
811 2137 906 2213 venit,
918 2137 1086 2200 Summum

110 2233 444 2297 Pontificemconeilio
454 2237 592 2315 generali
603 2237 823 2314 subesse.lpsa
832 2235 1086 2313 novitasdetegit

34 2367 36 2372 -
109 2331 277 2393 falsitatem
303 2333 392 2394 istius
420 2333 594 2414 opinionis,
626 2351 697 2412 quac
724 2333 1012 2404 contradictionem
1037 2333 1086 2395 in·
1181 2372 1183 2376 .

108 2431 219 2494 volvit.
698 2459 699 2462 ¹

147 2529 275 2612 Etenim
293 2529 466 2592 concilium
486 2530 706 2592 consideratur
724 2529 773 2590 vel
787 2547 861 2592 oum
875 2531 913 2590 R.
934 2531 1086 2592 Pontificc

108 2627 327 2706 conjunctum,
345 2631 394 2691 vel
407 2629 446 2690 ab
462 2630 518 2691 illo
534 2630 726 2710 sejunctum.

147 2727 175 2788 Ι.
197 2727 229 2787 Si
243 2727 392 2806 Episcopi
405 2727 438 2787 in
451 2727 588 2790 concilio
604 2727 784 2807 congregati
799 2744 872 2788 cum
882 2729 917 2790 n.
932 2728 1085 2790 Pontifice

106 2823 344 2904 intelligantur,
370 2831 447 2888 tuno
479 2827 608 2905 quidem
635 2827 810 2888 Ecclesiam
832 2825 1011 2885 universam
1035 2845 1087 2888 re-

104 2929 314 2998 praesentant3
330 2941 439 2984 verum
452 2923 597 2985 Pontifex
606 2924 638 2984 in
647 2941 684 2984 eo
700 2921 774 2984 ca'su
785 2940 889 3002 neque
903 2940 997 3002 supra
1013 2939 1087 2984 con·

104 3019 214 3079 cilium
231 3025 289 3094 est,
310 3037 414 3098 neque
435 3021 519 3081 inira
542 3021 727 3096 concilium,
751 3021 806 3082 sed
835 3019 868 3081 in
889 3021 1026 3083 concilio
1052 3021 1087 3082 ut‘

103 3123 202 3194 eaput
216 3117 249 3177 in
264 3135 409 3196 corpore.
435 3118 591 3178 Nimirum
607 3136 755 3197 suprema
770 3124 908 3197 potestas
931 3117 1085 3196 competit

103 3214 167 3276 sive
179 3215 239 3304 soli
254 3217 291 3276 R.
308 3217 465 3290 Pontilici,
484 3217 546 3278 sive
573 3216 709 3295 collegio
731 3217 962 3296 Episcoporum
976 3215 1085 3276 Ponti-

102 3311 154 3371 fici
170 3313 426 3392 conjunctorum,
447 3315 611 3393 utriusque
625 3315 795 3376 auctoritas
811 3319 858 3374 est
874 3313 1015 3392 aequalis.

143 3410 182 3471 ll.
200 3411 379 3472 Concilium
395 3419 476 3472 stare
496 3413 608 3490 nequit
623 3411 785 3485 contrait.
801 3409 1003 3483 Pontificcm3
1028 3427 1085 3472 na·

100 3509 271 3569 turaenim
287 3495 415 3572 concilii
439 3529 505 3572 non
526 3511 630 3573 solum
647 3508 831 3591 Episcopos.
855 3509 910 3570 sed
930 3513 962 3570 et
980 3507 1085 3587 ipsum

100 3603 291 3670 Pontificem
303 3614 453 3688 tanquam
465 3610 617 3672 Ecclesiae
631 3617 661 3674 et
674 3609 804 3674 concilii
816 3613 911 3690 caput
921 3607 1084 3686 complec-
