2604 4270
205 287 239 333 28
370 286 526 331 uxeosttto
548 286 724 332 METEODICA
745 287 827 332 touls
850 287 1006 332 canuntur.

244 403 416 480 Theologia
442 403 620 480 dogmatica
646 403 799 482 generalis
831 405 1066 481 complectitur,
1092 408 1184 468 velut
1217 415 1224 426 ⁴

206 502 422 574 fundamenta,
437 501 745 562 Demonstrationem
759 501 963 582 christianam
979 505 1018 564 de
1032 521 1103 566 vera
1114 506 1183 564 lte-

206 600 335 678 ligione,
352 603 383 659 et
397 599 705 660 Demonstrationem
720 599 908 662 catholicam
922 601 963 661 de
975 619 1047 662 vera
1061 602 1180 665 Christi

207 697 359 758 Ecclesia.
377 697 561 775 Dogmatica
572 695 716 776 speciali's
733 697 854 774 singula
868 699 1179 776 dogmatavindicat.

243 795 364 856 Pariter
385 795 554 873 Theologia
569 795 696 856 moralis
716 795 1009 872 generalisexhibet
1023 797 1182 876 principia

202 892 359 971 generalia
388 908 523 953 morum.
549 885 675 953 Moralis
701 891 846 968 specialis
871 891 1009 970 singulas
1032 893 1181 954 veritates

202 989 511 1066 practicasdeduoit.
782 994 786 1006 '

358 1193 387 1241 ll.
403 1219 435 1230 -
446 1191 515 1241 turis
526 1179 640 1242 canonici
651 1207 709 1254 pars
721 1193 842 1255 generalis
857 1201 883 1242 et
894 1194 1018 1255 specialis.

245 1349 340 1408 Juxta
353 1345 436 1406 hanc
457 1361 602 1426 normam
620 1345 812 1407 instituenda
831 1351 878 1408 est
892 1346 1021 1424 partitio
1034 1346 1113 1424 juris
1126 1363 1182 1406 ec-

208 1441 387 1507 clesiastici.
411 1445 500 1506 Sicut
516 1444 618 1506 omnis
640 1444 782 1516 scientia,
803 1461 840 1504 ex
860 1445 922 1504 suis
944 1443 1120 1522 principiis,
1145 1443 1182 1502 in

204 1553 292 1623 porte
312 1541 446 1622 peperoli
465 1541 646 1622 propositis,
670 1542 815 1620 procedit
836 1542 980 1623 insnum
1002 1540 1179 1620 objectum,

206 1641 290 1717 quod
305 1641 338 1700 in
344 1647 435 1720 purte
447 1640 567 1720 speciali
574 1641 645 1702 luce
656 1639 887 1720 principiorum
903 1639 1117 1717 investigatur,
1134 1639 1183 1699 ita

203 1739 254 1816 jus
275 1739 464 1798 canonicum
480 1739 512 1797 in
527 1739 688 1816 duplicem
702 1743 826 1816 partem
839 1736 998 1797 dividitur.
1010 1737 1184 1815 Perspene·

207 1833 280 1894 ralis
291 1835 332 1896 de
342 1835 464 1914 legibus
474 1835 695 1896 ecclesiasticis
703 1833 869 1912 praemittit
878 1833 1045 1912 principia,
1060 1833 1089 1892 vi
1099 1851 1182 1910 quo-

203 1948 273 1990 rum
289 1932 461 1994 innotescit
474 1931 635 2011 objectum
647 1924 787 1992 scientiae
801 1931 962 1994 canonicae
972 1951 979 2004 ;
989 1931 1184 2011 persepecio-

210 2029 254 2104 lis,
276 2029 310 2089 in
331 2047 393 2108 qua
407 2028 569 2109 objectum
579 2030 659 2109 juris
669 2030 824 2092 ‘canonici
836 2030 1011 2108 attingitur,
1025 2031 1114 2109 juxta
1127 2045 1184 2089 ca·

208 2143 308 2187 nones
319 2127 586 2206 determinatjora
596 2133 626 2188 et
636 2127 740 2189 officia
752 2129 902 2196 Ecclesiae
912 2129 998 2189 velut
1007 2127 1179 2198 societatis.
1191 2201 1192 2206 ἵ

247 2225 343 2286 Istam
366 2225 622 2287 distributionem
647 2207 839 2303 praenuntiat
864 2225 1015 2305 bipartita
1036 2223 1183 2286 definitio

209 2320 351 2388 scientiae
378 2323 552 2384 canonicae.
584 2321 740 2386 Nimirum
773 2317 965 2384 delinitionis
992 2339 1064 2401 pars
1092 2321 1183 2401 prior

206 2417 336 2498 (selentia
358 2417 454 2498 leptim
474 2418 732 2482 ecclesiastieorum
753 2419 891 2499 studiosa)
916 2420 1069 2480 evolvitur
1090 2426 1182 2497 parte

208 2517 347 2595 generali
360 2517 606 2593 Institutionum,
623 2519 674 2580 cui
687 2519 796 2580 titulus
807 2524 875 2580 est:
892 2517 1046 2598 Principia
1054 2517 1183 2580 scientie
1272 2591 1276 2596 ¹

207 2615 362 2676 eooouicoe.
383 2617 457 2676 Pars
476 2617 573 2680 altera
595 2617 789 2679 delinitionis
807 2618 929 2697 (statum
949 2616 1088 2678 Ecclesioe
1102 2615 1183 2676 velut

208 2713 352 2774 societatis
375 2713 520 2793 describit)
544 2716 740 2793 explananda
762 2719 809 2776 est
828 2715 1077 2783 Institutionum,
1091 2719 1182 2792 parte

209 2812 350 2890 speciali,
369 2831 439 2890 quae
449 2812 700 2874 inscribiturzlle
712 2821 792 2872 statu
799 2811 940 2873 Ecclesioe
941 2812 1037 2892 jueta
1047 2830 1180 2872 conones.

248 2909 412 2972 Manifesta
426 2915 474 2970 est
487 2909 712 2998 ratiopropter
725 2927 821 2990 quam
833 2910 937 2972 studia
951 2911 1103 2976 canonica
1117 2909 1181 2970 hoc

209 3008 327 3070 ordine*
339 3007 556 3088 perficiuntur.
573 3009 747 3069 Praemissis
759 3007 934 3087 principiis,
950 3009 1086 3069 cultores
1099 3005 1181 3084 juris

208 3106 352 3168 canonici
367 3105 556 3184 diriguntur,
571 3111 741 3184 antequam
751 3105 1031 3185 Ecclesiaestatum
1043 3104 1181 3184 juridice
1284 3159 1287 3166 .

208 3201 453 3266 describendum
462 3203 645 3296 suscipiant.
659 3205 769 3282 ltaque
784 3223 790 3264 :
808 3237 810 3242 ι
900 3237 906 3246 ·

240 3370 262 3426 l.
283 3369 352 3424 Pars
375 3373 503 3438 pancratis
517 3374 720 3444 complectitur
737 3372 877 3442 Principio
899 3371 1013 3426 scientio
1031 3371 1177 3436 manauco.

217 3491 219 3496 ·
242 3461 276 3515 ll.
292 3458 362 3514 Pars
375 3459 495 3528 specialis
509 3460 644 3516 describit
658 3460 765 3516 Statum
775 3460 900 3516 Ecclesiae
908 3460 990 3531 juxta
1004 3475 1126 3514 conones.
