2588 4272
433 269 506 315 PARS
528 267 710 316 caeculus
1025 267 1059 319 95

88 384 225 448 clausula
244 383 443 465 derogatoria
458 385 547 448 istius
559 386 649 466 juris.
675 419 715 431 -
726 387 759 446 2⁰
774 384 832 456 Qui
850 384 883 446 in
895 401 954 446 usu
968 386 1061 465 privi-

86 480 153 558 legii
180 479 329 542 turbatur
351 480 399 539 vel
420 479 605 558 impeditur,
632 497 690 558 pro
716 479 885 539 asserendo
909 478 980 558 Jure
1003 497 1060 541 suo

87 583 186 656 potest
197 577 316 656 judicis
334 571 551 638 defensionem
564 576 748 654 implorare.

122 675 337 753 privilegiatus
360 692 425 736 non
446 680 571 736 tenetur
593 673 640 735 uti
658 673 822 752 privilegio
834 671 968 752 privato,
985 691 1059 736 nam

89 773 179 833 favori
192 790 248 833 suo
257 773 438 833 renuntiare
446 773 814 851 potest.'leneturautem
828 771 928 847 ecuti,
936 772 1059 850 quoties

89 870 284 948 privilegium
297 887 334 930 ex
349 870 409 930 line
423 887 479 930 suo
493 868 657 948 publicum
670 874 764 943 est,v.
775 886 805 947 g.
817 868 842 928 si
853 869 945 930 cedat
959 869 1059 932 in'bo·

89 967 436 1042 numcommune‚velsi
447 967 891 1041 realesit,addictumlocevcl
901 967 1057 1046 dignitati.

124 1067 160 1127 V.
182 1064 392 1145 Interpretatio
407 1065 591 1126 doctrinalis
605 1063 843 1142 privilegiorum
858 1064 893 1125 fit
904 1064 994 1144 juxta
1007 1081 1060 1126 re·

92 1163 172 1241 gulas
184 1167 354 1240 sequentes
375 1182 382 1224 :

126 1263 153 1320 l.
166 1259 332 1339 Ejusmodi
346 1259 565 1338 interpretatio
589 1258 635 1320 sic
656 1257 724 1320 fieri
735 1257 848 1334 'debet
872 1263 907 1321 ut
922 1264 1062 1339 spectata

93 1357 218 1418 materia
235 1356 435 1436 privilegium
459 1357 630 1435 quemdam
645 1357 783 1418 favorem
798 1357 969 1436 specialem
983 1375 1062 1436 ope-

93 1459 171 1514 retur
188 1462 291 1514 contra
302 1455 350 1516 vel
360 1465 475 1536 praeter
487 1455 603 1532 legem.

127 1556 159 1614 2.
186 1551 408 1615 lnbaerendum
423 1557 469 1613 est
492 1550 680 1630 proprietati
699 1550 868 1612 verborum
885 1551 1060 1612 secundum

97 1666 293 1711 communem
307 1649 526 1728 acceptionem
551 1653 583 1708 et
596 1653 760 1726 receptum
778 1648 895 1728 stylum
910 1648 1018 1710 curia.

129 1750 160 1808 3.
178 1749 253 1809 Late
275 1747 507 1825 interpretanda
518 1750 591 1806 sunt
603 1744 765 1824 privilegia
780 1762 866 1806 mere
881 1745 1061 1807 favorabilia

96 1849 124 1905 et
133 1861 279 1906 concessa
296 1845 329 1905 in
343 1847 481 1906 savorem
492 1842 663 1922 religionis.
682 1843 797 1904 Stricte
811 1859 885 1905 vero
905 1842 1062 1921 interpre-

97 1943 184 2003 tanda
198 1948 271 2003 sunt
283 1942 445 2021 privilegia
460 1941 580 2036 odiosa,
597 1957 651 2000 seu
666 1941 794 2002 adversa
802 1939 866 2020 juri
884 1940 1059 2016 communi,

97 2042 142 2102 rel
151 2043 213 2121 juri
226 2044 359 2120 quaesito
373 2044 470 2105 tertii.
627 2045 629 2049 ’

134 2141 180 2202 Vl.
197 2141 386 2202 Amittuetur
409 2140 573 2221 privilegia
595 2143 623 2202 l.
646 2139 714 2220 Ipso
732 2138 822 2220 lucto,
843 2140 992 2202 videlicet
1018 2139 1063 2202 ia-

100 2239 230 2299 terc'turei
241 2240 345 2301 totalis
357 2245 412 2301 aut
420 2257 564 2319 personae
572 2239 624 2300 eui
633 2237 797 2302 addictum
807 2244 854 2300 est
862 2239 1062 2319 privilegium

98 2335 174 2396 reale
188 2340 241 2396 aut
263 2338 445 2414 personale;
467 2337 516 2398 rel
532 2336 615 2417 lapsu
632 2336 781 2416 temporis,
796 2337 835 2396 ad
850 2337 936 2415 quod
951 2338 1061 2413 datur;

98 2433 143 2492 rel
154 2431 264 2513 delectu
278 2433 457 2510 conditionis,
476 2433 533 2495 sub
549 2452 611 2513 qua
625 2435 821 2496 conceditur.

134 2534 161 2590 2.
175 2531 398 2593 Renuntiaticoe
410 2549 556 2612 expressa
571 2532 619 2592 vel
642 2531 749 2607 tacita,
765 2533 891 2611 quando
913 2533 996 2611 leges
1017 2531 1061 2595 ita

100 2632 240 2690 statuunt.
268 2630 301 2692 Si
327 2630 525 2710 privilegium
547 2629 708 2692 contineat
738 2630 894 2708 privatum
920 2628 1061 2701 favorem

101 2743 244 2802 personae,
260 2729 299 2788 ad
311 2727 445 2789 liberam
459 2727 726 2790 renuntiationem
751 2727 925 2806 requiritur
938 2732 1061 2788 tantum

100 2839 261 2887 consensus
275 2826 494 2900 concedentis3
513 2825 631 2887 etenim
641 2825 704 2903 jrrri
720 2843 777 2886 suo
793 2825 927 2904 quilibet
943 2842 1061 2886 renun-

101 2920 172 2983 tiare
185 2928 298 3001 potest.
321 2927 363 2985 At
379 2923 404 2984 si
419 2923 618 3002 privilegium
633 2923 794 3004 contineat
804 2924 944 2985 lavarem
958 2922 1063 3002 publi-

102 3032 177 3094 cum,
191 3020 403 3100 privilegiatus
419 3021 448 3082 ei
462 3021 645 3084 renuntiare
658 3022 776 3100 nequit.
1066 3079 1072 3093 ‚

136 3117 191 3178 Per
205 3117 383 3196 simplicem
405 3137 462 3179 non
488 3139 572 3180 usam
593 3120 768 3200 generatim
790 3135 855 3179 non
876 3117 1065 3180 amittuntur

104 3212 268 3294 privilegia.
288 3215 444 3278 Nimirum
458 3235 515 3278 nen
533 3237 588 3278 usu
607 3235 671 3278 non
683 3217 840 3278 amittitur
852 3215 1065 3294 privilegium,

105 3326 158 3387 quo
170 3314 356 3374 daturmera
368 3314 500 3376 facultas
515 3314 628 3394 agendi
641 3315 688 3374 vel
704 3313 892 3388 omittendi;
910 3331 937 3376 v.
953 3332 983 3394 g.
998 3313 1064 3392 pri-

104 3408 236 3490 vilegium
249 3411 447 3472 sacrificandi
459 3417 532 3474 ante
545 3426 702 3471 auroram.
716 3411 931 3472 Attamcnnon
942 3431 997 3472 usu
1008 3426 1065 3473 seu

106 3508 305 3570 utcontrario
322 3509 425 3571 amitti
449 3514 580 3588 possunt
600 3507 654 3568 illa
676 3507 850 3588 privilegia,
868 3527 938 3586 qnae
959 3526 1065 3588 grava·

108 3615 167 3671 men
178 3605 263 3668 tertii
276 3603 458 3681 continent;
475 3621 548 3665 nam
561 3604 586 3665 si
602 3603 672 3684 quis
686 3602 828 3681 legitimo
839 3608 985 3681 tempore
998 3617 1063 3663 non
