2588 4272
434 277 508 322 PARS
529 273 714 326 ernustus.
1013 279 1069 328 lat

86 393 247 457 habeatur
263 394 346 458 ratio
360 398 552 474 temporum.
568 394 644 456 Haec
655 394 766 475 regula
777 395 897 476 duplici
912 397 1010 459 modo
1022 397 1073 458 in·

87 494 259 574 telligitur.
539 498 554 530 ⁴

130 594 253 667 Prima,
271 592 350 654 ratio
363 596 546 670 temporum
560 590 708 652 habenda
729 596 787 665 est,
812 593 1073 672 quandoquidem

89 697 167 752 sunt
179 691 295 769 aliquae
309 706 413 765 voceS,
431 707 501 766 quae
514 689 652 767 antiquis
664 690 863 768 temporibus
878 691 964 752 aliud
977 692 1074 772 signi-

90 790 242 864 ficabant,
264 788 350 849 aliud
367 789 464 849 modo
480 787 666 863 significant.
684 789 838 866 Exemplo
856 805 923 850 esse
940 795 1074 868 possunt

89 890 163 950 haee
174 886 328 954 vocabula
345 905 352 947 z
371 885 508 960 diocesis,
520 884 675 966 parochia,
690 885 842 961 viaticum,
860 893 892 949 et
908 888 979 964 alia,
993 905 1074 968 quo·

91 1004 167 1048 rum
177 985 317 1064 antiquae
330 983 580 1063 significationes
592 983 626 1042 in
640 983 716 1044 alias
726 989 856 1046 mutatae
869 991 953 1051 sunt.

137 1085 297 1156 Secundo,
319 1081 344 1142 si
365 1081 460 1142 verba
478 1080 541 1142 sint
560 1079 719 1160 ambigua,
737 1079 876 1142 historia
884 1083 1012 1146 inservit
1033 1085 1072 1146 ad

92 1183 200 1261 legem
220 1179 501 1258 interpretandam.
525 1178 683 1240 Nimirum
708 1180 832 1242 occasio
847 1180 911 1242 sive
924 1181 1017 1256 ratio,
1034 1181 1073 1244 oh

95 1297 194 1360 quam
206 1280 256 1339 lex
271 1277 401 1339 condita
414 1281 471 1346 est,
486 1281 517 1336 et
530 1276 679 1354 adjuncta
693 1293 910 1356 personarum,
928 1279 1074 1340 locorum

95 1395 133 1440 ac
143 1384 327 1455 temporum
340 1372 555 1452 investiganda
566 1379 649 1447 sunt,
663 1391 701 1434 ex
714 1373 828 1452 quihus
840 1376 894 1436 lux
906 1376 1013 1454 aliqua
1027 1377 1073 1437 el·

95 1475 242 1555 fulgebit,
272 1478 307 1534 ut
327 1472 485 1552 possimus
504 1477 645 1534 mentem
664 1472 864 1552 legislatoris,
883 1491 1092 1564 sensumque⁸

97 1574 175 1658 legis
191 1571 368 1654 percipere.
621 1567 624 1570 ’

222 1809 239 1874 ς
250 1809 282 1862 5.·
294 1836 325 1848 -
335 1809 446 1876 llegulae
459 1808 605 1864 servanda
615 1808 646 1862 in
654 1807 791 1862 conflictu
801 1809 893 1876 legum
905 1810 950 1874 (1).

137 2005 254 2086 Regulo
268 2009 308 2068 1⁸.
333 2039 371 2051 -
387 2007 423 2066 ln
444 2023 601 2067 concursu
617 2007 722 2086 legum
738 2026 810 2086 quae
830 2006 889 2068 sibi
908 2007 1076 2069 contrarias

99 2105 258 2178 ridentur,
282 2103 386 2181 primo
412 2104 563 2164 tentanda
583 2110 629 2166 est
647 2105 841 2167 conciliatio.
866 2105 992 2166 Etenim
1012 2123 1077 2166 non

100 2205 191 2265 facilc
204 2201 401 2264 admittenda
413 2206 460 2262 est
473 2201 647 2262 antinomia
664 2220 719 2263 seu
733 2203 940 2264 contrarietas
954 2204 1074 2282 legum,

101 2319 139 2362 ne
149 2287 312 2379 legislator
325 2289 599 2360 sibicontradicat.
612 2300 784 2360 Undecum
794 2301 949 2362 correctio
956 2301 1077 2378 jurium

101 2398 141 2460 sit
155 2398 276 2471 odiosa,
295 2397 382 2456 omni
396 2395 539 2474 possibili
550 2396 646 2456 ruodo
661 2397 746 2474 leges
756 2397 892 2472 invicem
908 2397 1078 2458 concilian-

101 2497 149 2558 dae
165 2501 248 2570 sunt,
264 2494 325 2556 nisi
337 2511 482 2572 expresse
497 2511 597 2554 canon
610 2511 691 2554 unus
701 2493 838 2578 cqrrigat
849 2495 996 2554 alterum.

138 2593 255 2674 Regula
271 2596 314 2654 2³.
330 2625 370 2638 -
381 2593 416 2654 ln
427 2608 581 2653 concursu
591 2589 669 2669 legis
681 2591 837 2670 generalis
847 2607 922 2653 cum
934 2590 996 2650 alia
1007 2591 1077 2668 lege

102 2692 253 2773 generali,
275 2691 300 2752 si
315 2689 498 2752 conciliatio
512 2689 674 2766 utriusque
689 2707 755 2750 non
768 2695 924 2768 speretur,
937 2690 987 2750 lex
1001 2706 1080 2750 nova

102 2793 235 2870 derogat
247 2788 355 2868 priori.
368 2790 414 2848 lta
426 2792 566 2848 statuunt
580 2787 760 2848 Deci-etates
776 2807 783 2848 ε
803 2808 822 2850 o.
831 2789 990 2848 Romanus
999 2788 1081 2847 Pon·

101 2889 188 2964 tifex,
216 2887 270 2967 qui
292 2887 364 2966 juro
384 2884 491 2946 omnia
515 2885 549 2946 in
568 2884 686 2956 scrinio
701 2885 839 2964 pectoris
866 2883 916 2945 sui
932 2890 1082 2946 censetur

101 2987 228 3060 habere,
244 2983 503 3047 constitutionem
517 2983 686 3046 condendo
699 2983 922 3062 posteriorem,
939 2981 1080 3063 priorem

102 3099 250 3148 revocare
264 3081 406 3144 noscitur
417 3081 469 3162 (⁹2).
482 3101 497 3140 c

140 3179 256 3260 Reputo
270 3182 312 3240 3⁸.
326 3179 409 3240 -Si
421 3177 972 3256 concurrantduaelegescontrariae,
984 3179 1083 3240 altera

104 3277 259 3358 specialis,
292 3277 391 3338 altera
413 3274 578 3355 generalis,
615 3279 691 3336 tunc
716 3282 850 3354 utraque
881 3276 1077 3356 observatur,

134 3463 165 3526 (1)
184 3463 309 3523 Maschat,
328 3460 518 3524 Prolepcmeoo,
536 3458 556 3544 ¹5
582 3463 607 3521 5,
624 3459 656 3509 de
676 3461 901 3528 Antenomujuro
915 3464 1082 3516 uncos.-

104 3545 155 3594 tib.
170 3543 192 3604 I,
202 3544 242 3593 tit.
254 3547 278 3604 2,
293 3543 326 3592 de
334 3543 545 3607 interpretatione
557 3539 648 3604 upum.

135 3625 173 3687 (2).
182 3622 324 3674 Bonitccius
334 3621 398 3686 lllll,
413 3635 468 3685 cap.
484 3635 503 3684 1,
517 3619 548 3674 de
557 3619 782 3674 eonsummatos
795 3621 821 3672 ln
836 3625 861 3676 6.
