2604 4270
196 268 209 314 lt
365 264 521 310 EXPOSITIO
543 263 720 307 METRODICA
743 263 825 306 touls
848 261 1004 306 ennonlcl.

194 381 385 452 derivantur,
410 378 474 438 sive
495 382 646 455 tanquam
670 393 688 435 a
713 391 805 436 eausa
820 355 1002 451 exemplari,
1017 373 1081 434 sive
1098 377 1170 434 tan-

194 475 610 558 quamaoausaelfioiente.
742 468 744 472 ’

234 579 467 654 Argumentum
480 573 525 633 sio
539 571 755 633 contrahitur:
774 571 860 649 quod
882 575 934 631 est
952 571 1015 631 tale
1028 586 1089 649 per·
1102 588 1173 648 par·

196 673 414 753 tloipationem
430 671 590 732 derivatur
615 669 655 730 ab
676 687 714 730 eo
736 669 823 747 quod
844 673 891 730 est
905 669 967 730 tale
987 685 1044 746 per
1062 683 1172 728 esseu-

194 772 283 834 tiam.
310 770 405 848 Atqui
433 770 483 830 lex
497 774 616 829 aeterua
628 772 676 828 est
697 768 747 827 lex
773 783 831 845 per
853 765 1034 839 essentiam,
1060 781 1171 826 omues

196 873 303 929 autern
322 867 393 928 aliae
415 869 499 942 leges
524 871 596 926 sunt
618 865 702 942 leges
718 881 774 942 per
788 863 1075 942 participationem.
1088 863 1171 940 Ergo

197 965 376 1046 primordia
385 963 464 1044 juris
477 964 575 1041 ajure
589 963 730 1024 increato
739 967 813 1039 sunt
825 962 991 1040 capienda.

236 1065 288 1126 lll.
307 1061 480 1124 Corollaria.
496 1095 536 1105 —
563 1064 594 1120 l⁰
616 1061 672 1120 lus
688 1063 719 1120 et
733 1059 856 1137 religia,
883 1058 959 1119 lieet
979 1057 1018 1118 ab
1036 1059 1174 1119 invicem
1204 1099 1206 1106 ,

200 1162 356 1233 differant,
375 1177 411 1220 ex
425 1161 538 1220 eodem
549 1159 636 1236 fonte
649 1157 822 1231 dimanant,
839 1156 975 1234 ideoque
994 1155 1174 1218 arctissimo

199 1260 325 1321 vinoulo
340 1263 584 1320 connectuntur.

239 1361 270 1418 2⁰
288 1355 494 1418 Obseruantia
509 1354 589 1433 juris
609 1360 657 1416 est
682 1371 754 1432 pars
776 1353 953 1415 officiorum
971 1353 1174 1430 quaehomini

200 1453 373 1516 christiano
388 1470 426 1513 ex
439 1453 592 1531 religione
610 1451 811 1512 incumbunt.

239 1554 270 1612 3⁰
286 1553 332 1612 Ex
347 1551 442 1612 dietis
459 1556 557 1630 patet,
573 1565 668 1630 quam
688 1565 835 1626 perverse
861 1547 908 1608 illi
929 1547 1078 1622 sentiunt,
1107 1548 1175 1625 qui,

201 1649 443 1728 praesoindeudo
472 1666 489 1707 a
517 1651 582 1708 Deo
609 1653 640 1708 et
661 1647 773 1708 ultima
793 1646 931 1706 hominis
956 1645 1176 1720 destinatione,

201 1745 448 1808 fundamentum
465 1745 545 1820 juris
562 1735 737 1821 inquirunt,
757 1749 787 1804 et
803 1744 992 1822 religionem
1007 1761 1026 1804 a
1035 1745 1106 1822 jure
1121 1743 1180 1803 eli-

203 1843 323 1904 minare
334 1843 490 1902 nituntur.

241 1945 273 2002 4⁰
286 1941 341 2002 lus
360 1939 399 2000 de
415 1957 478 2017 quo
491 1937 624 1998 seientia
636 1942 744 1999 nostra
762 1937 956 2013 inscribitur,
979 1954 1068 1999 suam
1080 1954 1098 1997 a
1107 1938 1179 2016 jure

203 2037 343 2098 increato
358 2035 463 2096 haurit
476 2035 677 2114 dignitatern.

375 2253 419 2302 Ill.
432 2279 462 2288 -
475 2253 544 2302 luris
558 2253 702 2303 distributio
712 2253 737 2302 in
751 2253 834 2304 varias
848 2253 943 2316 species
958 2254 1005 2316 (1).

245 2431 268 2493 Ι.
287 2431 343 2491 lus
362 2430 512 2490 dividitur
529 2429 561 2489 in
582 2429 718 2490 naturale
731 2434 762 2490 et
769 2427 942 2510 positivum.
964 2431 1019 2496 Jus
1037 2430 1181 2490 naturale

207 2532 330 2603 constat
344 2527 382 2586 iis
404 2527 524 2605 legibus
550 2545 620 2606 quaa
644 2528 687 2588 ita
700 2527 878 2610 necessario
901 2529 1001 2588 fluunt
1013 2544 1051 2588 ex
1073 2527 1129 2587 Dei
1150 2533 1183 2588 et

207 2630 422 2686 ereaturarum
436 2624 582 2700 essentia,
600 2630 713 2686 utnon
728 2624 850 2703 possint
858 2643 923 2687 nou
933 2625 1076 2686 existere.
1094 2625 1183 2686 Diei-

164 2797 165 2802 *
206 2729 256 2783 tur
266 2722 317 2801 jus
333 2727 464 2796 naturae,
480 2723 595 2802 primo,
617 2722 691 2802 quia
708 2740 816 2784 rerum
835 2723 1036 2784 conditarum
1059 2728 1181 2784 uaturae

204 2819 249 2880 ita
267 2820 415 2882 convenit
440 2825 474 2880 ut
497 2821 676 2881 necessario
700 2837 738 2881 ex
765 2821 836 2905 ipsa¹
854 2826 999 2894 eruatur;
1025 2820 1177 2893 seoundO,

206 2917 280 2995 quia
307 2921 428 2980 naturae
456 2917 624 2980 hominum
637 2917 682 2979 ita
696 2919 903 2996 congenitum
916 2924 974 2992 est,
1000 2923 1034 2978 ut
1049 2917 1183 2978 cuilibet

205 3015 335 3076 rationis
346 3015 454 3094 napaei
468 3016 623 3094 principia
634 3015 776 3095 ejusdem
785 3015 994 3078 innotescant.
1008 3015 1180 3076 Definitur:

207 3112 407 3192 participatio
422 3113 500 3192 legis
515 3121 642 3174 aeternae
655 3113 844 3175 inrationali
857 3118 1010 3188 ereatura,
1026 3129 1080 3174 seu
1094 3113 1183 3174 ordi-

206 3205 293 3267 natio
312 3207 417 3269 divina
429 3209 579 3271 cordibus
590 3208 704 3270 nostris
718 3208 756 3268 ab
768 3213 898 3270 auctore
905 3212 1023 3270 naturae
1034 3209 1182 3270 humanae

239 3428 273 3490 (1)
293 3427 422 3487 Gamalam
445 3431 590 3492 Apparatus
609 3431 640 3479 de
656 3429 750 3492 origine
769 3429 835 3492 juris
860 3429 984 3479 canonici.
1004 3430 1180 3492 —Zalllngeu
1206 3467 1208 3472 ,

208 3507 378 3558 restitutiones
380 3507 451 3571 juris
460 3507 562 3570 publici,
574 3509 759 3570 Prolegomana.
775 3537 805 3546 -
813 3509 924 3572 Pirhing,
939 3511 1092 3560 Prooemium
1105 3511 1131 3561 iu
1139 3511 1182 3572 jus

208 3601 365 3640 canonicum.
