2630 4250
488 149 563 194 Plus
585 149 748 195 sentinus.
1057 153 1108 199 lut

124 263 211 324 Nulli
232 265 391 328 sacerdoti
414 266 490 328 licet
504 280 578 327 eum
600 267 673 328 fieta
687 267 816 328 eaesarie
829 268 878 328 vel
894 268 1012 346 pileolo
1034 269 1111 329 mis·

125 377 193 422 sem
208 361 374 424 celebrare
390 363 458 424 sine
473 380 621 442 expressa
644 352 773 426 lieentia
789 365 878 426 Sedis
895 367 918 426 A
923 365 1104 443 postolicae.

168 459 247 521 Sixti
263 461 290 522 V
312 461 499 524 constitutio
524 461 598 524 Cum
612 470 825 524 sacrosanctam
838 464 904 524 vult
918 462 1109 524 elericorum

126 561 228 618 vestes
239 573 308 618 esse
323 559 448 624 talares.
465 560 585 622 Verum
600 560 692 640 hujus
702 560 781 638 legis
792 559 877 639 rigor
891 577 928 621 ex
941 561 1110 622 tolerantia

126 656 270 734 ipsorum
283 657 477 718 Pontificum
491 661 523 718 et
534 659 707 736 praesulum
732 658 893 719 emollitus
905 662 952 718 est
969 678 976 718 :
992 658 1026 718 in
1039 659 1111 736 qui-

126 753 1111 836 busdamdioeoesibusdelatio—vestistalurisnonpraesoribitur

128 855 216 911 extra
230 851 461 913 ecclesiasticas
474 854 665 916 functiones.

169 948 348 1010 Concilium
362 949 585 1011 'tridentinum
608 949 774 1030 Episcopis
792 951 905 1012 tribuit
927 949 1110 1012 facultatem

130 1045 366 1106 determinandi
381 1047 518 1107 lormem
531 1047 686 1108 clericalis
700 1047 892 1119 indumenti.

532 1268 663 1331 CAPUT
686 1270 713 1330 II

224 1424 316 1474 lura
331 1427 365 1474 et
383 1425 604 1489 obligatione·
620 1427 823 1478 diversorum
838 1427 1013 1489 graduum.

170 1578 352 1640 Discrimen
373 1581 477 1642 existit
500 1581 583 1642 inter
604 1581 731 1643 ordines
754 1597 860 1642 sauros
878 1584 909 1641 et
922 1596 988 1639 non
1010 1593 1115 1637 sauros

131 1675 257 1738 ratione
280 1676 439 1750 caelibatus,
461 1678 547 1739 inter
569 1679 684 1756 gradus
705 1678 883 1756 superiores
904 1681 934 1738 et
952 1673 1115 1736 inferiores

131 1791 170 1835 ex
181 1773 355 1854 majoritate
364 1781 393 1834 et
406 1773 576 1835 obedt'eatta.

167 1907 238 1960 Aur.
258 1905 279 1960 l.
309 1906 348 1960 De
360 1905 496 1962 coelibatu
510 1905 695 1962 elericorum.

167 1993 240 2048 Aur.
259 1994 293 2048 ll.
307 1993 346 2048 De
359 1992 522 2064 majoritate
536 1996 565 2049 et
578 1994 756 2052 obedientie.

498 2205 719 2260 ARTICULUS
738 2206 752 2258 l

438 2361 472 2398 DE
486 2359 620 2400 COELIBATU
636 2357 816 2396 cteulcolrtllt.

176 2509 199 2569 l.
218 2509 356 2570 Rationes
372 2507 476 2590 quibus
501 2507 640 2568 inuititur
663 2505 709 2566 lea
730 2507 827 2568 saeris
846 2505 999 2566 ministris
1014 2505 1120 2584 impo-

131 2604 208 2666 site.

178 2707 208 2763 l.
223 2703 301 2764 Cum
316 2699 356 2765 de
370 2705 432 2765 fide
443 2704 494 2779 sit,
512 2720 580 2764 esse
594 2701 696 2764 melius
712 2719 746 2762 ae
760 2699 878 2774 beatius,
890 2716 1007 2759 manere
1019 2698 1049 2758 ia
1059 2697 1121 2758 vir-

131 2799 263 2882 qa'at'tate
274 2801 321 2862 vel
331 2801 477 2878 caelibatu,
497 2821 586 2882 quam
597 2801 694 2882 junqi
704 2797 889 2860 malminom'o
904 2795 956 2876 (l),
982 2795 1119 2873 ideoque

134 2897 337 2960 continentia
361 2897 587 2978 perfectiorem
613 2896 856 2960 sanctimoniam
879 2912 945 2974 prae
968 2911 1001 2954 se
1026 2893 1119 2966 serat,

135 2995 258 3059 mirum
274 3001 366 3072 esset,
384 2997 410 3058 si
422 2997 551 3060 ordines
561 2997 696 3076 maj0res
710 2997 750 3056 ad
765 2993 943 3056 ooelihatum
959 3009 1024 3052 non
1037 2988 1121 3051 obli·

135 3097 301 3170 gerentur.

178 3191 210 3250 2.
228 3191 452 3254 Sacerdotium
460 3195 610 3270 respectu
624 3189 681 3251 Dei
696 3187 830 3267 requirit
845 3185 1039 3260 delibatum,
1053 3187 1122 3246 tum

137 3286 216 3365 quia
225 3288 489 3367 perspiritualem
504 3287 738 3350 ordinationem
753 3291 955 3365 propagatur,
972 3289 1039 3345 tum
1049 3282 1123 3361 quie

173 3469 206 3532 (l)
219 3471 359 3526 Concilium
374 3475 559 3538 Tridentinum,
570 3486 630 3524 sess.
643 3471 731 3535 xxiv,
746 3485 802 3524 cun.
812 3485 837 3522 x.
865 3551 880 3576 t
1022 3532 1025 3540 ,

229 3571 237 3582 ‘
979 3563 1024 3613 11.
