<?xml version="1.0" encoding="UTF-8"?>
<!DOCTYPE html PUBLIC "-//W3C//DTD XHTML 1.0 Transitional//EN"
    "http://www.w3.org/TR/xhtml1/DTD/xhtml1-transitional.dtd">
<html xmlns="http://www.w3.org/1999/xhtml" xml:lang="en" lang="en">
 <head>
  <title>
</title>
<meta http-equiv="Content-Type" content="text/html;charset=utf-8" />
  <meta name='ocr-system' content='tesseract 3.04.00' />
  <meta name='ocr-capabilities' content='ocr_page ocr_carea ocr_par ocr_line ocrx_word'/>
</head>
<body>
  <div class='ocr_page' id='page_1' title='image "./expositiomethod00hugugoog_0332.png"; bbox 0 0 2620 4258; ppageno 0'>
   <div class='ocr_carea' id='block_1_1' title="bbox 476 156 1092 232">
    <p class='ocr_par' dir='ltr' id='par_1_1' title="bbox 476 156 1092 232">
     <span class='ocr_line' id='line_1_1' title="bbox 476 156 1092 232; baseline 0.006 -4"><span class='ocrx_word' id='word_1_1' title='bbox 476 183 549 230; x_wconf 75' lang='lat' dir='ltr'>raas</span> <span class='ocrx_word' id='word_1_2' title='bbox 571 156 734 228; x_wconf 73' lang='lat' dir='ltr'>sosarnus.=</span> <span class='ocrx_word' id='word_1_3' title='bbox 1039 184 1092 232; x_wconf 74' lang='lat' dir='ltr'>aas</span> 
     </span>
    </p>
   </div>
   <div class='ocr_carea' id='block_1_2' title="bbox 117 300 1097 1352">
    <p class='ocr_par' dir='ltr' id='par_1_2' title="bbox 118 300 1095 478">
     <span class='ocr_line' id='line_1_2' title="bbox 118 300 1095 380; baseline 0 -16"><span class='ocrx_word' id='word_1_4' title='bbox 118 301 290 364; x_wconf 90' lang='lat' dir='ltr'>auotoritas</span> <span class='ocrx_word' id='word_1_5' title='bbox 305 301 405 380; x_wconf 76' lang='lat' dir='ltr'>magis</span> <span class='ocrx_word' id='word_1_6' title='bbox 419 318 456 362; x_wconf 85' lang='lat' dir='ltr'>ex</span> <span class='ocrx_word' id='word_1_7' title='bbox 471 301 595 362; x_wconf 86' lang='lat' dir='ltr'>statutis</span> <span class='ocrx_word' id='word_1_8' title='bbox 605 300 759 362; x_wconf 82' lang='lat' dir='ltr'>localibus</span> <span class='ocrx_word' id='word_1_9' title='bbox 769 317 864 379; x_wconf 89' lang='lat' dir='ltr'>quam</span> <span class='ocrx_word' id='word_1_10' title='bbox 875 318 913 362; x_wconf 87' lang='lat' dir='ltr'>ex</span> <span class='ocrx_word' id='word_1_11' title='bbox 923 300 994 380; x_wconf 91' lang='lat' dir='ltr'>jure</span> <span class='ocrx_word' id='word_1_12' title='bbox 1007 319 1095 364; x_wconf 92' lang='lat' dir='ltr'>oom-</span> 
     </span>
     <span class='ocr_line' id='line_1_3' title="bbox 120 397 602 478; baseline -0.006 -18"><span class='ocrx_word' id='word_1_13' title='bbox 120 399 206 460; x_wconf 93' lang='lat' dir='ltr'>muni</span> <span class='ocrx_word' id='word_1_14' title='bbox 221 399 341 476; x_wconf 87' lang='lat' dir='ltr'>scripto</span> <span class='ocrx_word' id='word_1_15' title='bbox 354 397 531 478; x_wconf 87' lang='lat' dir='ltr'>colligenda</span> <span class='ocrx_word' id='word_1_16' title='bbox 543 403 602 460; x_wconf 85' lang='lat' dir='ltr'>est.</span> 
     </span>
    </p>

    <p class='ocr_par' dir='ltr' id='par_1_3' title="bbox 117 494 1097 1352">
     <span class='ocr_line' id='line_1_4' title="bbox 159 494 1092 576; baseline -0.001 -18"><span class='ocrx_word' id='word_1_17' title='bbox 159 497 207 558; x_wconf 87' lang='lat' dir='ltr'>Ad</span> <span class='ocrx_word' id='word_1_18' title='bbox 221 495 345 576; x_wconf 84' lang='lat' dir='ltr'>praxim</span> <span class='ocrx_word' id='word_1_19' title='bbox 359 497 445 576; x_wconf 91' lang='lat' dir='ltr'>quod</span> <span class='ocrx_word' id='word_1_20' title='bbox 455 496 580 572; x_wconf 83' lang='lat' dir='ltr'><strong>attinet,</strong></span> <span class='ocrx_word' id='word_1_21' title='bbox 593 513 693 558; x_wconf 91' lang='lat' dir='ltr'>unum</span> <span class='ocrx_word' id='word_1_22' title='bbox 704 494 1020 557; x_wconf 88' lang='lat' dir='ltr'>animadvertendum</span> <span class='ocrx_word' id='word_1_23' title='bbox 1033 501 1092 557; x_wconf 87' lang='lat' dir='ltr'>est.</span> 
     </span>
     <span class='ocr_line' id='line_1_5' title="bbox 120 591 1094 674; baseline -0.002 -18"><span class='ocrx_word' id='word_1_24' title='bbox 120 594 235 656; x_wconf 85' lang='lat' dir='ltr'>Decani</span> <span class='ocrx_word' id='word_1_25' title='bbox 260 594 317 656; x_wconf 89' lang='lat' dir='ltr'>sub</span> <span class='ocrx_word' id='word_1_26' title='bbox 343 591 463 674; x_wconf 83' lang='lat' dir='ltr'>duplici</span> <span class='ocrx_word' id='word_1_27' title='bbox 487 599 618 674; x_wconf 87' lang='lat' dir='ltr'>aspectu</span> <span class='ocrx_word' id='word_1_28' title='bbox 645 595 840 658; x_wconf 86' lang='lat' dir='ltr'>considerari</span> <span class='ocrx_word' id='word_1_29' title='bbox 862 599 1019 672; x_wconf 87' lang='lat' dir='ltr'><strong>possunt:</strong></span> <span class='ocrx_word' id='word_1_30' title='bbox 1045 595 1094 656; x_wconf 85' lang='lat' dir='ltr'>vel</span> 
     </span>
     <span class='ocr_line' id='line_1_6' title="bbox 120 691 1095 770; baseline -0.001 -16"><span class='ocrx_word' id='word_1_31' title='bbox 120 691 203 754; x_wconf 89' lang='lat' dir='ltr'>enim</span> <span class='ocrx_word' id='word_1_32' title='bbox 223 693 261 752; x_wconf 92' lang='lat' dir='ltr'>ad</span> <span class='ocrx_word' id='word_1_33' title='bbox 282 693 428 770; x_wconf 89' lang='lat' dir='ltr'>quaedam</span> <span class='ocrx_word' id='word_1_34' title='bbox 449 693 578 770; x_wconf 83' lang='lat' dir='ltr'>negotia</span> <span class='ocrx_word' id='word_1_35' title='bbox 591 691 668 754; x_wconf 92' lang='lat' dir='ltr'>levis</span> <span class='ocrx_word' id='word_1_36' title='bbox 683 692 838 755; x_wconf 86' lang='lat' dir='ltr'>momenti</span> <span class='ocrx_word' id='word_1_37' title='bbox 852 691 1049 770; x_wconf 83' lang='lat' dir='ltr'>expedienda</span> <span class='ocrx_word' id='word_1_38' title='bbox 1064 697 1095 753; x_wconf 91' lang='lat' dir='ltr'>et</span> 
     </span>
     <span class='ocr_line' id='line_1_7' title="bbox 117 789 1095 870; baseline -0.001 -20"><span class='ocrx_word' id='word_1_39' title='bbox 117 789 289 869; x_wconf 88' lang='lat' dir='ltr'>judicanda</span> <span class='ocrx_word' id='word_1_40' title='bbox 310 807 416 851; x_wconf 87' lang='lat' dir='ltr'>veram</span> <span class='ocrx_word' id='word_1_41' title='bbox 436 789 693 870; x_wconf 87' lang='lat' dir='ltr'>jurisdictionem</span> <span class='ocrx_word' id='word_1_42' title='bbox 719 794 886 863; x_wconf 85' lang='lat' dir='ltr'>exercent;</span> <span class='ocrx_word' id='word_1_43' title='bbox 911 789 1095 869; x_wconf 85' lang='lat' dir='ltr'>hujusmodi</span> 
     </span>
     <span class='ocr_line' id='line_1_8' title="bbox 118 885 1095 968; baseline -0.002 -22"><span class='ocrx_word' id='word_1_44' title='bbox 118 885 236 947; x_wconf 77' lang='lat' dir='ltr'>llecani</span> <span class='ocrx_word' id='word_1_45' title='bbox 259 885 392 948; x_wconf 86' lang='lat' dir='ltr'>Vioariis</span> <span class='ocrx_word' id='word_1_46' title='bbox 408 886 545 947; x_wconf 80' lang='lat' dir='ltr'>foraneis</span> <span class='ocrx_word' id='word_1_47' title='bbox 571 887 822 966; x_wconf 79' lang='lat' dir='ltr'>aequiparantur;</span> <span class='ocrx_word' id='word_1_48' title='bbox 838 887 887 948; x_wconf 88' lang='lat' dir='ltr'>vel</span> <span class='ocrx_word' id='word_1_49' title='bbox 903 885 1095 968; x_wconf 86' lang='lat' dir='ltr'>presbyteris</span> 
     </span>
     <span class='ocr_line' id='line_1_9' title="bbox 120 983 1096 1063; baseline 0 -19"><span class='ocrx_word' id='word_1_50' title='bbox 120 983 284 1061; x_wconf 85' lang='lat' dir='ltr'>cujusdam</span> <span class='ocrx_word' id='word_1_51' title='bbox 299 984 461 1046; x_wconf 88' lang='lat' dir='ltr'>districtus</span> <span class='ocrx_word' id='word_1_52' title='bbox 475 1001 611 1062; x_wconf 84' lang='lat' dir='ltr'>praeesse</span> <span class='ocrx_word' id='word_1_53' title='bbox 625 984 772 1046; x_wconf 86' lang='lat' dir='ltr'>videntur</span> <span class='ocrx_word' id='word_1_54' title='bbox 793 983 859 1045; x_wconf 90' lang='lat' dir='ltr'>sine</span> <span class='ocrx_word' id='word_1_55' title='bbox 871 983 1096 1063; x_wconf 88' lang='lat' dir='ltr'>jurisdictione</span> 
     </span>
     <span class='ocr_line' id='line_1_10' title="bbox 120 1077 1097 1160; baseline 0.002 -22"><span class='ocrx_word' id='word_1_56' title='bbox 120 1078 247 1158; x_wconf 87' lang='lat' dir='ltr'>proprie</span> <span class='ocrx_word' id='word_1_57' title='bbox 266 1079 368 1155; x_wconf 85' lang='lat' dir='ltr'>dicta;</span> <span class='ocrx_word' id='word_1_58' title='bbox 391 1079 443 1142; x_wconf 90' lang='lat' dir='ltr'>isti</span> <span class='ocrx_word' id='word_1_59' title='bbox 458 1080 575 1142; x_wconf 87' lang='lat' dir='ltr'>Decani</span> <span class='ocrx_word' id='word_1_60' title='bbox 587 1099 654 1160; x_wconf 75' lang='lat' dir='ltr'>prae</span> <span class='ocrx_word' id='word_1_61' title='bbox 668 1098 701 1142; x_wconf 89' lang='lat' dir='ltr'>se</span> <span class='ocrx_word' id='word_1_62' title='bbox 719 1082 825 1143; x_wconf 84' lang='lat' dir='ltr'>lerunt</span> <span class='ocrx_word' id='word_1_63' title='bbox 838 1081 968 1159; x_wconf 89' lang='lat' dir='ltr'>quidem</span> <span class='ocrx_word' id='word_1_64' title='bbox 982 1077 1097 1158; x_wconf 82' lang='lat' dir='ltr'>imagi·</span> 
     </span>
     <span class='ocr_line' id='line_1_11' title="bbox 118 1174 1097 1257; baseline 0 -21"><span class='ocrx_word' id='word_1_65' title='bbox 118 1193 192 1237; x_wconf 92' lang='lat' dir='ltr'>nem</span> <span class='ocrx_word' id='word_1_66' title='bbox 207 1174 481 1257; x_wconf 89' lang='lat' dir='ltr'>Archipresbyteri</span> <span class='ocrx_word' id='word_1_67' title='bbox 503 1176 627 1254; x_wconf 91' lang='lat' dir='ltr'>urbani,</span> <span class='ocrx_word' id='word_1_68' title='bbox 644 1179 698 1240; x_wconf 90' lang='lat' dir='ltr'>sed</span> <span class='ocrx_word' id='word_1_69' title='bbox 713 1197 778 1240; x_wconf 91' lang='lat' dir='ltr'>non</span> <span class='ocrx_word' id='word_1_70' title='bbox 789 1183 863 1240; x_wconf 90' lang='lat' dir='ltr'>sunt</span> <span class='ocrx_word' id='word_1_71' title='bbox 876 1175 994 1240; x_wconf 76' lang='lat' dir='ltr'>vicarii</span> <span class='ocrx_word' id='word_1_72' title='bbox 1007 1176 1097 1256; x_wconf 88' lang='lat' dir='ltr'>Epis·</span> 
     </span>
     <span class='ocr_line' id='line_1_12' title="bbox 119 1291 285 1352; baseline 0 -16"><span class='ocrx_word' id='word_1_73' title='bbox 119 1291 285 1352; x_wconf 84' lang='lat' dir='ltr'>oopcrum.</span> 
     </span>
    </p>
   </div>
   <div class='ocr_carea' id='block_1_3' title="bbox 254 1433 952 1542">
    <p class='ocr_par' dir='ltr' id='par_1_4' title="bbox 254 1433 952 1542">
     <span class='ocr_line' id='line_1_13' title="bbox 254 1433 952 1542; baseline 0.006 -36"><span class='ocrx_word' id='word_1_74' title='bbox 254 1457 269 1520; x_wconf 65' lang='grc' dir='ltr'><strong>ἓ</strong></span> <span class='ocrx_word' id='word_1_75' title='bbox 282 1457 348 1507; x_wconf 86' lang='grc'>3.-</span> <span class='ocrx_word' id='word_1_76' title='bbox 369 1457 407 1509; x_wconf 82' lang='lat' dir='ltr'>Da</span> <span class='ocrx_word' id='word_1_77' title='bbox 422 1459 545 1511; x_wconf 85' lang='lat' dir='ltr'>Parocho</span> <span class='ocrx_word' id='word_1_78' title='bbox 562 1464 592 1511; x_wconf 82' lang='lat' dir='ltr'>at</span> <span class='ocrx_word' id='word_1_79' title='bbox 607 1459 723 1542; x_wconf 83' lang='lat' dir='ltr'>vicariis</span> <span class='ocrx_word' id='word_1_80' title='bbox 736 1433 952 1526; x_wconf 85' lang='lat' dir='ltr'>parochialibus.</span> 
     </span>
    </p>
   </div>
   <div class='ocr_carea' id='block_1_4' title="bbox 154 1606 741 1768">
    <p class='ocr_par' dir='ltr' id='par_1_5' title="bbox 154 1606 741 1768">
     <span class='ocr_line' id='line_1_14' title="bbox 155 1606 526 1670; baseline 0.005 -8"><span class='ocrx_word' id='word_1_81' title='bbox 155 1606 278 1670; x_wconf 81' lang='lat' dir='ltr'>Qunsrro</span> <span class='ocrx_word' id='word_1_82' title='bbox 294 1611 319 1662; x_wconf 90' lang='lat' dir='ltr'>l.</span> <span class='ocrx_word' id='word_1_83' title='bbox 334 1608 374 1662; x_wconf 89' lang='lat' dir='ltr'>De</span> <span class='ocrx_word' id='word_1_84' title='bbox 388 1609 526 1664; x_wconf 86' lang='lat' dir='ltr'>Parooho.</span> 
     </span>
     <span class='ocr_line' id='line_1_15' title="bbox 154 1695 741 1768; baseline 0.002 -18"><span class='ocrx_word' id='word_1_85' title='bbox 154 1695 278 1758; x_wconf 55' lang='lat' dir='ltr'>‘Oonsrro</span> <span class='ocrx_word' id='word_1_86' title='bbox 290 1699 317 1751; x_wconf 81' lang='lat'>2.</span> <span class='ocrx_word' id='word_1_87' title='bbox 332 1697 372 1752; x_wconf 83' lang='lat' dir='ltr'>be</span> <span class='ocrx_word' id='word_1_88' title='bbox 387 1695 502 1752; x_wconf 84' lang='lat' dir='ltr'>vicariis</span> <span class='ocrx_word' id='word_1_89' title='bbox 515 1697 741 1768; x_wconf 76' lang='lat' dir='ltr'>parochialibus.</span> 
     </span>
    </p>
   </div>
   <div class='ocr_carea' id='block_1_5' title="bbox 409 1881 802 1938">
    <p class='ocr_par' dir='ltr' id='par_1_6' title="bbox 409 1881 802 1938">
     <span class='ocr_line' id='line_1_16' title="bbox 409 1881 802 1938; baseline 0.005 -11"><span class='ocrx_word' id='word_1_90' title='bbox 409 1881 521 1938; x_wconf 75' lang='lat' dir='ltr'>Qunsrro</span> <span class='ocrx_word' id='word_1_91' title='bbox 537 1888 571 1930; x_wconf 65' lang='grc' dir='ltr'>ιι,</span> <span class='ocrx_word' id='word_1_92' title='bbox 591 1909 619 1918; x_wconf 90' lang='grc'>-</span> <span class='ocrx_word' id='word_1_93' title='bbox 630 1882 668 1930; x_wconf 85' lang='lat' dir='ltr'>Dn</span> <span class='ocrx_word' id='word_1_94' title='bbox 680 1893 802 1932; x_wconf 78' lang='lat' dir='ltr'>ranocno.</span> 
     </span>
    </p>
   </div>
   <div class='ocr_carea' id='block_1_6' title="bbox 158 2027 1096 2114">
    <p class='ocr_par' dir='ltr' id='par_1_7' title="bbox 158 2027 1096 2114">
     <span class='ocr_line' id='line_1_17' title="bbox 158 2027 1096 2114; baseline 0.004 -26"><span class='ocrx_word' id='word_1_95' title='bbox 158 2027 1096 2114; x_wconf 68' lang='lat' dir='ltr'>NomenParootasderivaturavocegraecaaupaxr&#39;otiocolo);</span> 
     </span>
    </p>
   </div>
   <div class='ocr_carea' id='block_1_7' title="bbox 41 2125 1109 3374">
    <p class='ocr_par' dir='ltr' id='par_1_8' title="bbox 41 2125 1101 2592">
     <span class='ocr_line' id='line_1_18' title="bbox 121 2125 1098 2207; baseline 0.002 -21"><span class='ocrx_word' id='word_1_96' title='bbox 121 2125 251 2206; x_wconf 82' lang='lat' dir='ltr'>parochi</span> <span class='ocrx_word' id='word_1_97' title='bbox 267 2125 351 2186; x_wconf 90' lang='lat' dir='ltr'>enim</span> <span class='ocrx_word' id='word_1_98' title='bbox 363 2127 538 2190; x_wconf 87' lang='lat' dir='ltr'>incolatum</span> <span class='ocrx_word' id='word_1_99' title='bbox 549 2145 603 2190; x_wconf 92' lang='lat' dir='ltr'>seu</span> <span class='ocrx_word' id='word_1_100' title='bbox 618 2127 766 2190; x_wconf 87' lang='lat' dir='ltr'>stabilem</span> <span class='ocrx_word' id='word_1_101' title='bbox 777 2129 887 2188; x_wconf 89' lang='lat' dir='ltr'>sedem</span> <span class='ocrx_word' id='word_1_102' title='bbox 902 2134 1098 2207; x_wconf 83' lang='lat' dir='ltr'>occupantes</span> 
     </span>
     <span class='ocr_line' id='line_1_19' title="bbox 123 2221 1100 2298; baseline 0.004 -16"><span class='ocrx_word' id='word_1_103' title='bbox 123 2222 154 2282; x_wconf 92' lang='lat' dir='ltr'>in</span> <span class='ocrx_word' id='word_1_104' title='bbox 187 2221 398 2284; x_wconf 86' lang='lat' dir='ltr'>determinato</span> <span class='ocrx_word' id='word_1_105' title='bbox 429 2223 597 2298; x_wconf 85' lang='lat' dir='ltr'>districtu,</span> <span class='ocrx_word' id='word_1_106' title='bbox 631 2223 773 2284; x_wconf 89' lang='lat' dir='ltr'>subsidia</span> <span class='ocrx_word' id='word_1_107' title='bbox 807 2224 880 2284; x_wconf 81' lang='lat' dir='ltr'>vitae</span> <span class='ocrx_word' id='word_1_108' title='bbox 917 2224 1100 2286; x_wconf 67' lang='lat' dir='ltr'>christianae</span> 
     </span>
     <span class='ocr_line' id='line_1_20' title="bbox 123 2319 1101 2403; baseline 0.001 -23"><span class='ocrx_word' id='word_1_109' title='bbox 123 2320 242 2398; x_wconf 91' lang='lat' dir='ltr'>populo</span> <span class='ocrx_word' id='word_1_110' title='bbox 254 2320 340 2380; x_wconf 89' lang='lat' dir='ltr'>fideli</span> <span class='ocrx_word' id='word_1_111' title='bbox 353 2319 605 2382; x_wconf 85' lang='lat' dir='ltr'>subministrant.</span> <span class='ocrx_word' id='word_1_112' title='bbox 615 2320 777 2380; x_wconf 92' lang='lat' dir='ltr'>Parochus</span> <span class='ocrx_word' id='word_1_113' title='bbox 789 2320 885 2381; x_wconf 87' lang='lat' dir='ltr'>etiam</span> <span class='ocrx_word' id='word_1_114' title='bbox 901 2321 1018 2382; x_wconf 84' lang='lat' dir='ltr'>dicitur</span> <span class='ocrx_word' id='word_1_115' title='bbox 1036 2322 1075 2403; x_wconf 84' lang='lat' dir='ltr'>pt</span> <span class='ocrx_word' id='word_1_116' title='bbox 1088 2357 1101 2367; x_wconf 98' lang='lat'>-</span> 
     </span>
     <span class='ocr_line' id='line_1_21' title="bbox 125 2415 1101 2496; baseline 0.002 -19"><span class='ocrx_word' id='word_1_117' title='bbox 125 2417 224 2493; x_wconf 71' lang='lat' dir='ltr'>mous,</span> <span class='ocrx_word' id='word_1_118' title='bbox 236 2426 346 2494; x_wconf 80' lang='lat' dir='ltr'>rector,</span> <span class='ocrx_word' id='word_1_119' title='bbox 361 2425 506 2478; x_wconf 76' lang='lat' dir='ltr'>curatura</span> <span class='ocrx_word' id='word_1_120' title='bbox 515 2417 610 2496; x_wconf 89' lang='lat' dir='ltr'>plebe</span> <span class='ocrx_word' id='word_1_121' title='bbox 621 2434 717 2496; x_wconf 88' lang='lat' dir='ltr'>quam</span> <span class='ocrx_word' id='word_1_122' title='bbox 727 2417 819 2496; x_wconf 81' lang='lat' dir='ltr'>regit,</span> <span class='ocrx_word' id='word_1_123' title='bbox 828 2423 860 2478; x_wconf 88' lang='lat' dir='ltr'>et</span> <span class='ocrx_word' id='word_1_124' title='bbox 870 2415 909 2476; x_wconf 90' lang='lat' dir='ltr'>ab</span> <span class='ocrx_word' id='word_1_125' title='bbox 922 2419 1101 2478; x_wconf 88' lang='lat' dir='ltr'>animarum</span> 
     </span>
     <span class='ocr_line' id='line_1_22' title="bbox 41 2513 472 2592; baseline 0 -16"><span class='ocrx_word' id='word_1_126' title='bbox 41 2513 45 2520; x_wconf 83' lang='lat'>&#39;</span> <span class='ocrx_word' id='word_1_127' title='bbox 124 2530 198 2576; x_wconf 88' lang='lat' dir='ltr'>cura</span> <span class='ocrx_word' id='word_1_128' title='bbox 218 2531 314 2592; x_wconf 91' lang='lat' dir='ltr'>quam</span> <span class='ocrx_word' id='word_1_129' title='bbox 331 2513 472 2592; x_wconf 85' lang='lat' dir='ltr'>suscipit.</span> 
     </span>
    </p>

    <p class='ocr_par' dir='ltr' id='par_1_9' title="bbox 163 2609 1103 2691">
     <span class='ocr_line' id='line_1_23' title="bbox 163 2609 1103 2691; baseline 0.001 -20"><span class='ocrx_word' id='word_1_130' title='bbox 163 2611 318 2672; x_wconf 85' lang='lat' dir='ltr'>Definitur</span> <span class='ocrx_word' id='word_1_131' title='bbox 333 2613 511 2691; x_wconf 87' lang='lat' dir='ltr'>parochus:</span> <span class='ocrx_word' id='word_1_132' title='bbox 536 2609 667 2672; x_wconf 83' lang='lat' dir='ltr'>Clericus</span> <span class='ocrx_word' id='word_1_133' title='bbox 688 2609 812 2689; x_wconf 78' lang='lat' dir='ltr'>lepitime</span> <span class='ocrx_word' id='word_1_134' title='bbox 825 2609 982 2690; x_wconf 78' lang='lat' dir='ltr'>deputatus</span> <span class='ocrx_word' id='word_1_135' title='bbox 996 2611 1037 2670; x_wconf 87' lang='lat' dir='ltr'>ad</span> <span class='ocrx_word' id='word_1_136' title='bbox 1047 2611 1103 2672; x_wconf 85' lang='lat' dir='ltr'>ud-</span> 
     </span>
    </p>

    <p class='ocr_par' dir='ltr' id='par_1_10' title="bbox 92 2707 1109 3374">
     <span class='ocr_line' id='line_1_24' title="bbox 124 2707 1108 2791; baseline 0.002 -23"><span class='ocrx_word' id='word_1_137' title='bbox 124 2707 363 2786; x_wconf 80' lang='lat' dir='ltr'>mior‘struadum,</span> <span class='ocrx_word' id='word_1_138' title='bbox 375 2729 413 2770; x_wconf 77' lang='lat' dir='ltr'>aa:</span> <span class='ocrx_word' id='word_1_139' title='bbox 424 2709 597 2791; x_wconf 59' lang='lat' dir='ltr'>obligatione</span> <span class='ocrx_word' id='word_1_140' title='bbox 611 2717 639 2769; x_wconf 84' lang='lat' dir='ltr'>et</span> <span class='ocrx_word' id='word_1_141' title='bbox 645 2708 771 2789; x_wconf 82' lang='lat' dir='ltr'>proprio</span> <span class='ocrx_word' id='word_1_142' title='bbox 782 2707 905 2781; x_wconf 80' lang='lat' dir='ltr'>nomine,</span> <span class='ocrx_word' id='word_1_143' title='bbox 921 2707 1042 2768; x_wconf 82' lang='lat' dir='ltr'>verbam</span> <span class='ocrx_word' id='word_1_144' title='bbox 1050 2709 1108 2770; x_wconf 81' lang='lat' dir='ltr'>Ilei</span> 
     </span>
     <span class='ocr_line' id='line_1_25' title="bbox 124 2804 1105 2888; baseline 0.003 -22"><span class='ocrx_word' id='word_1_145' title='bbox 124 2815 153 2866; x_wconf 84' lang='lat' dir='ltr'>et</span> <span class='ocrx_word' id='word_1_146' title='bbox 167 2815 347 2868; x_wconf 73' lang='lat' dir='ltr'>armamenta</span> <span class='ocrx_word' id='word_1_147' title='bbox 361 2816 438 2868; x_wconf 84' lang='lat' dir='ltr'>certo</span> <span class='ocrx_word' id='word_1_148' title='bbox 448 2807 672 2869; x_wconf 73' lang='lat' dir='ltr'>dioecesanorum</span> <span class='ocrx_word' id='word_1_149' title='bbox 685 2825 815 2881; x_wconf 80' lang='lat' dir='ltr'>numero,</span> <span class='ocrx_word' id='word_1_150' title='bbox 833 2804 887 2887; x_wconf 83' lang='lat' dir='ltr'>qui</span> <span class='ocrx_word' id='word_1_151' title='bbox 893 2805 930 2866; x_wconf 83' lang='lat' dir='ltr'>ab</span> <span class='ocrx_word' id='word_1_152' title='bbox 944 2806 1006 2888; x_wconf 79' lang='lat' dir='ltr'>ipso</span> <span class='ocrx_word' id='word_1_153' title='bbox 1019 2807 1105 2868; x_wconf 66' lang='lat' dir='ltr'>vicar-</span> 
     </span>
     <span class='ocr_line' id='line_1_26' title="bbox 125 2903 753 2986; baseline 0.002 -22"><span class='ocrx_word' id='word_1_154' title='bbox 125 2903 179 2964; x_wconf 83' lang='lat' dir='ltr'>sr&#39;m</span> <span class='ocrx_word' id='word_1_155' title='bbox 189 2923 272 2964; x_wconf 83' lang='lat' dir='ltr'>sacra</span> <span class='ocrx_word' id='word_1_156' title='bbox 281 2905 407 2986; x_wconf 73' lang='lat' dir='ltr'>recipere</span> <span class='ocrx_word' id='word_1_157' title='bbox 415 2905 597 2986; x_wconf 82' lang='lat' dir='ltr'>aliquatenus</span> <span class='ocrx_word' id='word_1_158' title='bbox 609 2913 753 2971; x_wconf 75' lang='lat' dir='ltr'>teneatur.</span> 
     </span>
     <span class='ocr_line' id='line_1_27' title="bbox 92 3001 1106 3090; baseline 0.002 -28"><span class='ocrx_word' id='word_1_159' title='bbox 92 3081 94 3086; x_wconf 15' lang='lat' dir='ltr'>s</span> <span class='ocrx_word' id='word_1_160' title='bbox 165 3001 235 3063; x_wconf 79' lang='lat' dir='ltr'>Vox</span> <span class='ocrx_word' id='word_1_161' title='bbox 243 3001 386 3082; x_wconf 76' lang='lat' dir='ltr'>parochio</span> <span class='ocrx_word' id='word_1_162' title='bbox 396 3003 473 3065; x_wconf 92' lang='lat' dir='ltr'>olim</span> <span class='ocrx_word' id='word_1_163' title='bbox 488 3005 529 3065; x_wconf 92' lang='lat' dir='ltr'>ad</span> <span class='ocrx_word' id='word_1_164' title='bbox 543 3005 772 3084; x_wconf 86' lang='lat' dir='ltr'>designandam</span> <span class='ocrx_word' id='word_1_165' title='bbox 785 3003 950 3066; x_wconf 76' lang='lat' dir='ltr'>dioecesim</span> <span class='ocrx_word' id='word_1_166' title='bbox 964 3001 1106 3090; x_wconf 88' lang='lat' dir='ltr'>adhibita</span> 
     </span>
     <span class='ocr_line' id='line_1_28' title="bbox 128 3099 1109 3181; baseline 0 -21"><span class='ocrx_word' id='word_1_167' title='bbox 128 3099 201 3162; x_wconf 83' lang='lat' dir='ltr'>luit.</span> <span class='ocrx_word' id='word_1_168' title='bbox 220 3103 244 3161; x_wconf 89' lang='lat' dir='ltr'>A</span> <span class='ocrx_word' id='word_1_169' title='bbox 259 3101 367 3162; x_wconf 91' lang='lat' dir='ltr'>multis</span> <span class='ocrx_word' id='word_1_170' title='bbox 386 3101 510 3163; x_wconf 80' lang='lat' dir='ltr'>saeoulis</span> <span class='ocrx_word' id='word_1_171' title='bbox 525 3101 684 3181; x_wconf 80' lang='lat' dir='ltr'>significat</span> <span class='ocrx_word' id='word_1_172' title='bbox 697 3103 747 3164; x_wconf 87' lang='lat' dir='ltr'>vel</span> <span class='ocrx_word' id='word_1_173' title='bbox 759 3100 1029 3179; x_wconf 88' lang='lat' dir='ltr'>parochianorum</span> <span class='ocrx_word' id='word_1_174' title='bbox 1042 3101 1109 3162; x_wconf 90' lang='lat' dir='ltr'>ool-</span> 
     </span>
     <span class='ocr_line' id='line_1_29' title="bbox 128 3197 1108 3284; baseline 0.001 -26"><span class='ocrx_word' id='word_1_175' title='bbox 128 3197 317 3269; x_wconf 83' lang='lat' dir='ltr'>leclioncm‚</span> <span class='ocrx_word' id='word_1_176' title='bbox 338 3199 393 3284; x_wconf 35' lang='lat' dir='ltr'>&#39;vel</span> <span class='ocrx_word' id='word_1_177' title='bbox 419 3198 588 3261; x_wconf 88' lang='lat' dir='ltr'>ecclesiam</span> <span class='ocrx_word' id='word_1_178' title='bbox 615 3199 667 3261; x_wconf 87' lang='lat' dir='ltr'>cui</span> <span class='ocrx_word' id='word_1_179' title='bbox 693 3197 874 3277; x_wconf 85' lang='lat' dir='ltr'>adscriptus</span> <span class='ocrx_word' id='word_1_180' title='bbox 899 3203 947 3261; x_wconf 91' lang='lat' dir='ltr'>est</span> <span class='ocrx_word' id='word_1_181' title='bbox 971 3199 1108 3278; x_wconf 89' lang='lat' dir='ltr'>populus</span> 
     </span>
     <span class='ocr_line' id='line_1_30' title="bbox 129 3296 766 3374; baseline 0.003 -17"><span class='ocrx_word' id='word_1_182' title='bbox 129 3297 270 3374; x_wconf 86' lang='lat' dir='ltr'>parocho</span> <span class='ocrx_word' id='word_1_183' title='bbox 288 3296 443 3359; x_wconf 83' lang='lat' dir='ltr'>subditus.</span> <span class='ocrx_word' id='word_1_184' title='bbox 764 3298 766 3302; x_wconf 85' lang='grc'><strong>’</strong></span> 
     </span>
    </p>
   </div>
   <div class='ocr_carea' id='block_1_8' title="bbox 165 3429 595 3578">
    <p class='ocr_par' dir='ltr' id='par_1_11' title="bbox 165 3429 595 3578">
     <span class='ocr_line' id='line_1_31' title="bbox 166 3429 595 3501; baseline 0.009 -17"><span class='ocrx_word' id='word_1_185' title='bbox 166 3433 190 3485; x_wconf 87' lang='lat' dir='ltr'>l.</span> <span class='ocrx_word' id='word_1_186' title='bbox 205 3431 245 3486; x_wconf 80' lang='lat' dir='ltr'>lla</span> <span class='ocrx_word' id='word_1_187' title='bbox 259 3429 456 3486; x_wconf 88' lang='lat' dir='ltr'>Parochcrum</span> <span class='ocrx_word' id='word_1_188' title='bbox 470 3430 595 3501; x_wconf 83' lang='lat' dir='ltr'>origine.</span> 
     </span>
     <span class='ocr_line' id='line_1_32' title="bbox 165 3518 528 3578; baseline 0.014 -6"><span class='ocrx_word' id='word_1_189' title='bbox 165 3521 192 3574; x_wconf 81' lang='lat'>2.</span> <span class='ocrx_word' id='word_1_190' title='bbox 205 3519 244 3575; x_wconf 80' lang='lat' dir='ltr'>lle</span> <span class='ocrx_word' id='word_1_191' title='bbox 259 3518 378 3576; x_wconf 90' lang='lat' dir='ltr'>illorum</span> <span class='ocrx_word' id='word_1_192' title='bbox 393 3535 528 3578; x_wconf 84' lang='lat' dir='ltr'>munere.</span> 
     </span>
    </p>
   </div>
   <div class='ocr_carea' id='block_1_9' title="bbox 0 0 1331 4258">
    <p class='ocr_par' dir='ltr' id='par_1_12' title="bbox 0 0 1331 4258">
     <span class='ocr_line' id='line_1_33' title="bbox 0 0 1331 4258; baseline 0 0"><span class='ocrx_word' id='word_1_193' title='bbox 0 0 1331 4258; x_wconf 95' lang='lat' dir='ltr'> </span> 
     </span>
    </p>
   </div>
  </div>
 </body>
</html>
