2620 4258
232 253 282 298 8οἥ
389 251 545 298 uxroslrlo
566 251 744 302 armonica
763 253 846 298 touls
869 253 1025 300 canorum.

213 387 291 448 vque
305 372 549 447 repraesentatur
561 366 703 430 oiflcium
716 371 885 446 paternum
896 368 1055 448 Episcopi.
1071 370 1211 434 Proinde

228 470 352 528 tantum
365 471 500 544 possunt
514 463 644 544 parochi
664 467 769 544 quoad
785 483 858 528 suos
873 466 1030 542 subditos,
1052 473 1211 546 quantum
1300 523 1301 534 ,

227 565 332 640 potest
343 566 434 640 pater
446 562 479 622 in
494 563 607 624 ordine
619 563 756 624 naturali
771 563 876 641 quoad
891 563 974 624 lilios
989 581 1076 626 suos.

266 660 412 721 Jamvero
433 660 531 738 patris
556 658 698 720 officium
720 665 768 722 est
787 661 911 738 prolem
933 677 1095 739 generare,
1121 661 1210 724 illam

229 761 404 818 sustentare
423 762 455 818 et
476 757 509 818 in
529 757 622 818 bohis
640 755 783 818 moribus
803 757 980 819 instituere.
997 759 1097 837 Igitur
1117 777 1212 838 paro·
1300 785 1301 810 r

229 853 416 916 chianorum
436 854 556 914 familia
572 854 744 933 spiritualis
762 855 904 916 nascitur
923 873 981 934 per
995 857 1208 936 Baptismnm‚

229 951 324 1014 alitur
340 969 398 1030 per
411 952 470 1012 alia
488 951 685 1012 ¹Sacramenta
700 957 731 1014 et
744 953 779 1011 in
792 951 885 1013 honis
908 952 1049 1014 moribus
1071 961 1214 1020 servatur

227 1065 284 1128 per
305 1046 559 1108 Prodicutr'ouem.
579 1051 654 1112 Haec
674 1049 779 1110 officia
803 1051 945 1111 muneris
968 1052 1139 1129 pastoralis
1160 1055 1210 1115 di·
1300 1133 1301 1140 ἵ

228 1149 343 1206 cuntur
356 1163 428 1204 curu
445 1150 626 1208 animarum.

267 1243 359 1304 Unde
372 1245 400 1302 l.
422 1243 628 1305 parochiatus
642 1259 751 1304 secum
765 1242 862 1304 infert
872 1243 1134 1321 jurisdictionem
1147 1245 1216 1325 fori

187 1385 192 1396 .
229 1338 550 1416 intermortuarum·
562 1341 676 1402 namvi
687 1341 766 1420 Juris
779 1341 969 1416 communis,
978 1343 1128 1404 exollicio
1138 1362 1209 1418 suc,

227 1437 385 1516 parochus
398 1437 603 1499 constituitur
617 1437 762 1498 minister
774 1438 953 1502 ordinarius
969 1439 1211 1502 Praedicationis
1300 1451 1301 1524 l

228 1538 378 1596 eteorum
386 1536 666 1598 Sacramentorum
674 1553 745 1614 qua
754 1535 912 1613 Episcopo
922 1543 1208 1600 nonreservantur.
1300 1529 1301 1608 l

132 1616 133 1620 ¹
264 1636 296 1692 2.
311 1633 454 1694 Parocho
469 1651 535 1694 non
548 1633 704 1711 competit
710 1631 883 1714 jura'sdictr'o
897 1641 1019 1694 caterua
1041 1651 1099 1695 seu
1111 1635 1208 1715 legis-
1300 1677 1301 1718 p

225 1729 320 1790 lativa
339 1735 370 1792 et
385 1731 562 1810 judiciaria.
580 1732 650 1809 lpse
672 1730 853 1810 dispensare
874 1731 995 1808 nequit,
1016 1731 1080 1791 nisi
1103 1736 1206 1810 quoad
1300 1735 1301 1820 f

222 1827 343 1906 jejunia
356 1834 388 1889 et
406 1829 495 1903 festa,
513 1829 635 1890 ratione
655 1827 894 1891 consuetudinis
910 1827 962 1906 (l).
1300 1891 1301 1914 3

266 1925 304 1986 ll.
330 1925 501 1988 Auctoritas
520 1927 704 2008 puroclu‘uh's
726 1937 879 1990 exercetur
902 1929 932 1989 ia
955 1929 1099 2010 populum
1118 1934 1208 1994 certis
1300 1919 1301 1924 ἵ

225 2018 332 2100 fluibus
346 2021 512 2083 limitatum.
525 2025 601 2084 lnde
615 2024 795 2086 inferuntur
808 2025 977 2087 corollaria
992 2045 999 2087 :

266 2121 295 2178 l.
306 2119 354 2180 Ad
364 2119 558 2198 Episcopum
566 2125 688 2198 spectat
695 2121 1041 2202 limitesparochiarum
1054 2130 1205 2188 statuere.

263 2219 292 2276 h.
310 2217 470 2277 Parochus
488 2234 526 2278 ex
541 2217 736 2296 obligatione
754 2224 786 2280 et
800 2220 931 2300 proprio
948 2221 1082 2284 nomine
1096 2241 1206 2286 curam
1300 2215 1301 2280 J

225 2317 351 2374 exercet
362 2313 396 2374 in
410 2315 519 2376 lideles
532 2315 592 2377 sihi
603 2315 801 2379 commissos.

264 2413 293 2470 3.
311 2412 421 2489 Nemo,
445 2419 562 2492 praeter
582 2413 788 2494 Episcopum,
814 2413 847 2474 in
871 2415 1005 2478 ecclesia
1028 2418 1206 2495 parochiali
1300 2421 1301 2460 l

225 2523 341 2570 munus
352 2527 477 2572 sacrum
493 2511 583 2573 obire
597 2515 703 2591 potest
714 2511 780 2572 siue
796 2513 927 2590 parochi
942 2513 1077 2576 licentia.
1300 2567 1301 2602 ἶ

262 2609 292 2668 d.
320 2607 507 2670 Parochiani
528 2607 656 2670 nonnisi
681 2625 699 2668 a
721 2608 864 2670 Parocho
888 2610 980 2687 plura
1006 2615 1205 2673 sacramenta
1300 2611 1301 2624 ¹

221 2701 522 2782 reciperepossunt.

260 2799 313 2860 Ill.
329 2799 482 2862 Parocltuo
494 2821 615 2864 rauuere
627 2821 679 2862 suo
692 2801 840 2864 stabiliter
852 2802 1006 2882 suupr'tur.

261 2895 408 2957 Ollicium
430 2899 610 2977 parochiale
634 2900 767 2978 requirit
790 2900 1017 2974 stabilitatem
1040 2903 1206 2963 confertur
1300 2897 1301 2954 l

222 2993 308 3054 enim
326 2995 428 3056 velad
444 2997 551 3072 vitam,
577 2999 625 3059 vel
646 3001 759 3061 saltem
778 2997 818 3057 ad
839 3003 965 3076 tempus
986 2998 1203 3060 indefinitum.
1300 3069 1301 3080 χ

222 3091 296 3153 Ideo
312 3093 428 3171 duplex
445 3094 647 3174 distinguitur
661 3095 830 3172 stabilitas,
844 3095 968 3157 scilicet
978 3097 1161 3178 perpetuitas
1174 3105 1205 3157 et
1300 3083 1301 3160 ?

219 3189 426 3252 amoribila'tas.
1300 3185 1301 3210 ³

262 3288 290 3344 l.
304 3286 480 3352 Discriman
494 3289 577 3352 inter
589 3290 810 3374 perpetuitatem
820 3294 851 3353 et
865 3290 1112 3352 umouibih'tutem,
1128 3293 1207 3353 Per·
1300 3319 1301 3364 3

220 3381 356 3456 petuitas
374 3392 422 3448 est
435 3387 589 3451 stabilitas
602 3390 816 3468 parochorum
831 3389 885 3468 qui
900 3407 964 3452 non
981 3394 1202 3464 removentur,
1300 3431 1301 3438 κ

252 3515 283 3575 (l)
300 3513 524 3582 Sohmalagrueber,
536 3521 582 3570 Jus
593 3521 794 3585 ecclesiasticum,
805 3524 849 3573 lib.
862 3525 883 3586 Ι,
898 3524 937 3573 tit.
954 3523 1052 3586 xxx1‚§
1066 3528 1092 3576 d.
1111 3525 1204 3575 -Be·

220 3593 298 3656 rtrdi,
311 3596 500 3648 Commentario
515 3601 595 3664 injus
606 3603 807 3667 eccleu'asta'cum,
820 3611 840 3654 t.
856 3606 876 3666 Ι,
887 3604 987 3655 dissert.
1009 3603 1049 3655 Vl.
