2588 4272
224 217 260 264 62
398 214 556 262 uxroslrlo
577 213 753 260 undecuma
772 213 855 260 lutus
878 213 1032 273 conputet.

260 331 408 394 lamvero
422 331 577 394 Placitum
599 330 735 411 impedit
751 330 888 394 liberum
903 328 1092 394 exercitium
1117 330 1195 411 legi-

221 428 296 492 terae
312 429 477 508 potestatis
492 447 563 509 quae
581 428 737 507 competit
750 429 912 506 Ecclesia,
939 434 1009 491 tum
1028 445 1066 490 ex
1081 435 1195 492 natura

220 527 380 590 societatis
393 528 554 608 perlectae,
571 532 638 589 tum
652 545 690 590 ex
702 527 861 591 voluntate
871 527 997 590 Christi.
1008 528 1091 606 Ergo
1106 527 1195 607 prin-

220 623 313 704 cipiis
327 625 447 702 publici
458 624 539 704 juris
552 625 746 687 adversatur.

259 727 289 784 Ξ.
305 722 361 784 Ec
369 723 465 804 preci
471 722 622 785 Ecclesia.
637 755 675 770 ·-
689 724 782 786 Juxta
793 723 997 800 adversarios,
1011 723 1080 785 haec
1090 723 1194 786 facul·

222 822 474 902 tasprincipihus
485 821 1012 884 christianisveletiaminiidelibus
1023 821 1195 890 tribuenda

220 923 320 995 esset3
346 919 433 999 atqui
458 923 606 982 neutrum
631 919 694 980 dici
715 923 832 998 potest,
856 919 883 980 si
909 919 1013 998 praxis
1040 920 1194 982 Ecclesiae

219 1017 412 1078 attendatur.
429 1017 496 1090 Ouo
509 1017 626 1096 placito
651 1017 699 1078 usi
713 1023 786 1080 sunt
799 1017 933 1096 apostoli
945 1033 1018 1096 erga
1031 1016 1194 1096 principes

219 1115 374 1191 infideles,
391 1133 464 1178 cum
477 1134 541 1178 non
556 1117 653 1178 modo
669 1117 766 1177 fldem
785 1115 1007 1195 praedicarent,
1024 1117 1079 1178 sed
1095 1115 1195 1178 disci-

219 1213 338 1292 plinam
354 1214 555 1276 efformarent
573 1213 736 1276 liberrima
751 1218 918 1292 potestate.
942 1215 1050 1292 Neque
1074 1213 1194 1276 intelli·
1250 1262 1257 1274 .

218 1311 303 1389 gitur
318 1313 481 1392 quomodo
498 1313 661 1393 princeps,
685 1311 740 1391 qui
754 1329 810 1390 per
828 1311 1022 1391 baptismum
1041 1311 1194 1374 Ecclesiae

213 1409 431 1488 jurisdictioni
448 1427 481 1472 se
493 1409 631 1489 subjicit,
652 1409 826 1489 quidquam
846 1410 926 1489 J'uris
950 1410 1097 1472 adversus
1121 1426 1195 1470 eam

214 1506 470 1586 jurisdictionem
481 1508 635 1586 acquirat.
658 1508 800 1570 Ecclesia
813 1513 993 1570 constanter
1013 1507 1073 1570 sibi
1086 1507 1195 1569 vindi-

219 1605 301 1668 cavit
310 1605 446 1667 liberum
459 1621 552 1666 usum
563 1605 761 1684 potestatisa
777 1605 900 1668 Christo
913 1605 1050 1667 Domino
1060 1605 1120 1684 ipsi
1133 1610 1197 1667 tra-

219 1702 316 1764 ditae:
332 1720 359 1763 v.
372 1719 402 1782 g.
420 1702 587 1780 Gregorius
601 1704 627 1764 ll
646 1703 685 1763 ad
700 1705 840 1764 Leonem
854 1703 1028 1764 Isauricum
1045 1702 1192 1782 scripsit:

222 1821 237 1858 a
258 1800 533 1873 Quemadmodum
554 1801 699 1862 Pontifex
721 1800 963 1880 introspiciendi
985 1801 1018 1862 in
1039 1801 1195 1880 palatium

217 1903 406 1978 potestatem
427 1915 490 1960 non
513 1896 619 1975 habet,
639 1898 685 1960 sic
705 1915 765 1960 nec
784 1897 957 1978 imperator
979 1898 1013 1960 in
1035 1899 1195 1960 Ecclesies

216 1995 468 2074 introspiciendi.
487 2017 501 2055 a

256 2094 395 2155 Proinde
407 2093 521 2155 falsum
534 2097 581 2154 est
593 2093 748 2156 Placitum
761 2093 801 2156 ab
817 2095 904 2157 omni
921 2094 1073 2157 memoria
1086 2093 1118 2154 in
1134 2113 1196 2158 usu

216 2191 322 2253 fuisse.
1203 2193 1205 2196 ’

255 2293 285 2351 3.
308 2289 364 2351 Eu
382 2288 470 2352 istius
488 2287 701 2351 eonsuetudines
723 2288 931 2370 reprobatione.
946 2323 987 2334 -
1007 2287 1114 2368 Aliqui
1133 2287 1194 2351 do·

215 2393 291 2450 cent
316 2388 473 2450 Placitum
501 2389 689 2450 servandum
716 2404 783 2449 esse
815 2388 900 2450 velut
927 2386 1193 2449 consuetudinem

215 2503 286 2566 quae
297 2486 497 2567 principibus
512 2487 601 2548 dedit
614 2487 796 2565 permultos
815 2503 913 2548 annos
925 2487 1107 2549 facultatem
1118 2503 1194 2548 exa-

214 2585 356 2646 minandi
381 2586 466 2664 leges
488 2584 677 2664 pontificias.
702 2585 763 2646 Sed
787 2589 824 2646 ut
849 2585 1046 2646 consuetudo
1073 2584 1192 2646 servari

213 2684 315 2763 possit
347 2687 457 2745 contra
489 2683 575 2762 leges
603 2682 843 2760 ecclesiasticas,
881 2683 944 2744 duo
970 2681 1190 2761 requiruntur,
1265 2713 1266 2745 r

212 2799 329 2862 nempe
343 2800 431 2842 ceusu
446 2781 534 2863 justo
555 2786 586 2844 et
602 2799 751 2842 comenses
762 2779 912 2842 Ecclesia.

252 2881 409 2960 Equidem
424 2881 557 2941 durante
578 2878 749 2941 schismate
767 2877 959 2954 Occidentis,
987 2884 1118 2957 propter
1134 2880 1192 2940 du·
1262 2939 1263 2952 2

186 3049 189 3056 ,
211 2977 298 3041 biam
324 2977 512 3040 electionem
537 2981 568 3039 et
591 2975 720 3038 dubiam
740 2975 963 3039 auctoritatem
981 2977 1188 3053 Pontificum,
1261 3007 1262 3029 r

211 3075 313 3138 visum
330 3081 378 3139 est
395 3073 608 3138 necessarium
628 3079 664 3136 ut
678 3091 789 3136 eorum
803 3075 887 3154 leges
900 3073 1036 3136 examini
1049 3073 1191 3153 subjice·

210 3179 329 3237 rentur.
350 3176 442 3238 Unde
459 3173 486 3236 si
510 3172 652 3252 legitima
669 3171 764 3235 suerit
780 3189 919 3252 unquam
940 3172 1010 3234 haec
1028 3172 1190 3252 inspectio
1258 3207 1259 3243 r

211 3271 318 3352 legum
331 3271 578 3352 pontificiarum,
596 3270 629 3331 id
639 3287 704 3333 non
714 3275 781 3332 erat
788 3271 840 3351 jus
852 3270 1019 3351 proprium
1033 3271 1090 3334 sed
1099 3288 1192 3336 mera
1257 3269 1258 3313 t

210 3371 360 3434 Ecclesia
380 3368 543 3433 concessio
554 3369 597 3430 ad
607 3374 747 3449 tempus.

250 3471 368 3532 Verum
387 3473 528 3530 cessante
543 3467 711 3531 schismate
726 3469 858 3532 cessarit
882 3486 1052 3531 consensus
1077 3469 1190 3532 ldccle-
1254 3475 1255 3527 l

211 3566 277 3644 siae,
294 3567 367 3646 quia
384 3567 472 3628 nulla
488 3563 674 3630 remanebat
695 3567 874 3630 necessitas.
899 3565 947 3628 Ab
970 3565 1113 3630 Ecclesia
1133 3585 1188 3656 re·

1228 4027 1247 4175 i
