2588 4272
235 227 267 273 88
397 223 555 270 lexeosmo
576 219 752 267 nurnonlca
774 221 857 267 tulus
879 219 1035 267 CANONIGI.

271 348 303 408 2⁰
317 343 425 404 'Palem
442 358 508 403 esse
522 340 612 402 istius
626 338 703 412 vim,
718 341 754 399 ut
767 338 808 399 sit
820 335 1013 399 inviolabile.
1031 335 1092 397 Sed
1108 336 1210 426 modo
1278 351 1279 406 3

232 441 432 520 probavimus
444 441 480 500 R.
501 436 647 499 Pontifici
660 439 844 515 competere
856 439 1048 514 potestatem
1062 435 1212 498 irritandi

233 539 457 616 quodcumque
475 537 527 615 jus
546 535 714 595 nationale.
739 535 822 610 Ergo
841 534 892 611 jus
910 532 1101 611 gallicanum
1121 538 1213 596 recte

232 634 430 698 intellectum
445 650 462 692 a
475 634 512 693 ll.
529 630 683 692 Pontifice
697 629 812 690 mutari
827 633 943 707 potest.

272 731 311 792 ΙΙ.
328 720 418 792 Circa
429 730 514 808 leges
527 727 642 808 quibus
657 727 709 806 jus
726 726 914 806 gallicanum
940 729 1074 802 constat,
1095 727 1213 790 erravit

234 827 472 889 Gallicanismus
483 832 551 887 tum
562 824 721 904 politicus,
735 830 805 885 tum
817 823 984 886 clericalis.

273 929 303 985 1ο
316 925 395 986 Huic
405 923 469 1003 juri
485 926 703 983 annexuerunt
715 937 761 994 ca,
777 939 847 998 quae
859 939 923 982 non
932 921 1004 1000 jura
1015 921 1069 982 sed
1081 919 1211 1000 injuriat

232 1021 306 1102 erga
323 1021 497 1083 Ecclesiam
516 1021 691 1098 reputanda
714 1015 796 1080 sunt.
815 1020 915 1098 Reges
933 1019 1019 1080 enim
1039 1024 1070 1080 et
1092 1019 1210 1098 magis·

231 1125 329 1182 tratus
351 1120 450 1180 multa
467 1119 550 1179 salut
567 1118 618 1195 jus
634 1115 741 1178 Galliae
758 1116 824 1177 sine
844 1116 939 1178 titulo
960 1115 1021 1178 sibi
1043 1121 1206 1196 arrogant,

230 1233 300 1294 quae
320 1214 457 1276 libertati
472 1214 622 1275 Ecclesia
636 1213 851 1274 adversantur.
908 1294 909 1297 Ἴ

269 1316 301 1373 2⁰
315 1313 407 1374 Falso
422 1313 541 1390 opinati
556 1312 676 1372 suntad
689 1311 739 1390 jus
747 1311 943 1388 'gallicanum
957 1311 1116 1390 pertinere
1133 1329 1211 1390 qua·

230 1416 302 1472 tuor
314 1411 464 1472 articulos
477 1403 699 1470 declarationis
720 1407 793 1468 anni
814 1411 901 1470 1682.
919 1411 967 1489 Illi
981 1410 1064 1470 enim
1078 1409 1210 1472 articuli

230 1510 277 1568 vel
290 1514 361 1570 sunt
375 1508 450 1585 veri,
467 1509 514 1569 vel
530 1506 609 1567 salsi.
631 1505 663 1568 Si
682 1505 747 1567 veri
758 1502 944 1582 habeantur,
961 1509 1024 1569 nori
1043 1508 1145 1587 magis
1163 1525 1210 1568 es·

230 1607 357 1686 sentjus
369 1607 476 1668 Galliae
489 1595 780 1684 quamcaeterarum
797 1605 954 1682 gentium3
972 1605 998 1666 si
1013 1606 1118 1685 potius
1136 1602 1209 1665 falsi

231 1703 304 1780 sint,
317 1705 404 1766 nullo
420 1703 516 1766 modo
528 1703 579 1782 jus
589 1702 623 1762 in
636 1701 733 1764 Gallia
747 1703 941 1766 constituere
955 1709 1099 1782 possunt.

522 1923 546 1971 2.
560 1922 682 1971 Definitur
695 1923 736 1984 jus
749 1922 906 1983 gallicanum.

269 2089 434 2168 Multiplex
447 2089 539 2151 datur
554 2088 621 2168 ejus
634 2088 787 2172 definitio,
803 2089 1017 2168 aliaierrouea,
1031 2091 1093 2153 alia
1104 2092 1210 2172 aequi·

228 2203 315 2258 voca,
332 2186 393 2246 alia
409 2190 505 2248 recta.

268 2285 406 2344 Erronea
415 2289 462 2346 est
470 2283 1026 2363 istaolimpervulgatadefinit102Jes
1037 2293 1209 2349 corutonter

228 2379 366 2462 sequendi
379 2389 503 2462 receptos
519 2381 660 2444 Ecclesiae
676 2400 805 2455 conones,
825 2389 855 2442 et
869 2383 1002 2463 oale'ques
1018 2381 1123 2446 Gallia
1141 2405 1208 2448 eon-

228 2475 400 2555 suetudines,
416 2477 559 2560 quidquid
571 2479 691 2540 deauco
705 2479 736 2539 ia
749 2479 930 2540 contrarium
944 2479 1129 2544 decernetur.
1152 2485 1207 2546 Et·

230 2575 316 2636 enim
330 2593 394 2636 non
408 2578 555 2638 convenit
570 2578 631 2638 nisi
654 2577 887 2654 Gallicanismo,
903 2579 958 2657 qui
979 2579 1137 2658 concinne
1152 2581 1207 2643 de-

229 2673 401 2742 finiretur:
427 2673 593 2736 arbitrium
617 2693 655 2737 ex
679 2676 821 2738 Ecclesia
844 2675 966 2756 legibus
989 2693 1025 2738 ea
1041 2677 1204 2741 retinendi

229 2787 299 2848 quae
316 2769 409 2832 Gallis
425 2773 559 2850 placent.

267 2869 442 2948 AEquivoca
462 2876 546 2932 esset
568 2871 667 2932 altera
685 2871 851 2934 definitio:
870 2869 924 2932 Jus
944 2871 1084 2933 Ecclesiis
1099 2870 1208 2936 Gallice

221 2965 379 3046 proprium
388 2985 403 3044 ‚·
426 2971 501 3026 riam
526 2985 564 3028 ex
578 2985 637 3028 usu
651 2967 811 3047 loquendi,
830 2968 899 3048 haec
916 2968 1207 3050 verha'derogatio-

226 3064 319 3126 nibus
337 3065 402 3127 sive
420 3065 580 3145 legitimis,
596 3067 659 3128 sive
673 3067 845 3146 illegitimis
862 3067 1065 3130 conveniunt.

265 3161 321 3222 lus
348 3164 536 3225 canonicum
560 3163 750 3242 gallicanum
773 3171 859 3227 recte
884 3165 1033 3225 delinitur
1067 3183 1074 3238 ;
1106 3162 1206 3226 Variae

225 3257 305 3335 opud
316 3257 463 3320 Ecclesiae
483 3259 586 3323 Gallice
594 3260 668 3341 jari
681 3262 826 3322 communi
840 3261 1050 3345 derogationes,
1070 3261 1205 3324 auctori·

226 3360 283 3414 tole
296 3352 335 3415 R.
352 3355 505 3438 Pontifices
515 3357 656 3439 firmatae.

263 3449 375 3510 Merito
387 3451 482 3529 igitur
494 3454 618 3516 excludi
633 3455 752 3520 debent
764 3475 782 3519 a
792 3457 935 3537 legitimo
946 3459 1018 3538 jure
1029 3459 1199 3539 gallicano,

225 3550 294 3607 tum
308 3547 432 3610 articuli
447 3550 587 3628 organici
598 3558 709 3614 contre
722 3571 802 3632 quos
814 3555 932 3632 pluries
946 3556 1131 3619 reclamavit
1145 3558 1200 3619 Se·
