2604 4270
437 185 511 232 PARS
532 184 711 235 cannatum.

268 374 284 438 ἐ
299 378 322 428 1.
332 401 363 412 -
378 373 416 427 lle
429 372 539 440 objecto
552 373 625 440 leuia
639 374 836 430 ecclesiasticas
851 377 896 440 (ι).

137 527 238 590 Media
261 527 448 590 societatum
468 543 630 589 erearum
653 529 716 592 line
730 528 896 608 adaquato
917 529 1069 592 determi-

94 632 223 702 nantur;
241 625 377 704 proinde
397 625 694 704 potestaslloclesiae
707 627 872 690 ordinatur
887 631 918 690 et
931 645 1069 708 propor-

94 725 215 786 tionem
236 723 335 785 habet
357 724 396 783 ad
412 723 482 784 finis
497 723 739 784 assecutionem.
757 723 854 803 Atqui
876 723 1069 805 sanctificatio

95 823 269 896 animarum,
293 839 348 883 seu
373 821 444 882 linis
463 820 613 882 Ecclesiae
637 821 802 900 proximus
825 839 882 902 per
909 839 1004 900 quem
1028 827 1068 886 ad

95 921 189 983 tinem
211 920 363 982 ultimum
376 921 533 994 tenditur,
552 921 678 982 nonnisi
697 921 831 1000 geminis
845 921 965 984 viribus
980 939 1069 984 oom-

10 1005 11 1090 ζ
94 1019 196 1100 parari
211 1021 328 1098 potest,
352 1035 469 1096 nempe
483 1018 583 1098 gratio
596 1017 797 1100 sanctificante
811 1036 906 1098 quam
927 1019 1068 1082 Christus

95 1135 151 1197 per
163 1121 362 1178 sacramenta
382 1115 519 1178 conferri
538 1115 646 1190 voluit,
664 1121 696 1178 et
709 1114 834 1176 tonina
858 1117 1066 1198 cooperatura.

93 1219 235 1278 Potestas
253 1214 382 1294 quidem
406 1213 526 1276 ordinis
547 1215 619 1276 data
640 1213 700 1276 luit
722 1216 760 1276 ad
783 1215 950 1276 efficienda
967 1233 1070 1276 saera·-

95 1315 213 1384 menta;
244 1314 383 1390 potestas
404 1315 511 1372 autern
531 1309 763 1389 Jurisdiotionis
791 1309 936 1372 instituta
962 1311 1067 1372 estad

95 1410 236 1471 fidelium
248 1408 507 1488 cooperationem
520 1408 718 1485 dirigendam
730 1413 762 1470 et
773 1408 945 1470 efficaciter
957 1425 1070 1488 urgen-

97 1508 179 1569 dam.

132 1606 293 1679 Jamvero,
327 1602 409 1666 siout
430 1603 491 1666 ista
520 1602 662 1664 ssdelium
687 1603 869 1681 cooperatio
892 1603 928 1664 fit
949 1602 1069 1682 triplici

95 1705 201 1780 rnodo,
217 1703 281 1764 sire
294 1719 351 1780 per
365 1702 472 1776 fidem,
489 1701 552 1762 sire
565 1717 622 1778 per
638 1701 769 1763 virtutes
783 1700 990 1780 singulorum,
1006 1702 1069 1762 sive

94 1818 151 1881 per
177 1800 409 1863 observantiam
438 1798 635 1879 discipliuae,
662 1798 706 1859 ita
730 1803 870 1877 potestas
896 1798 1069 1877 legislativa

94 1898 245 1962 Ecclesiae
258 1898 340 1960 hauc
353 1897 611 1978 cooperationem
623 1895 753 1958 diversis
768 1897 872 1959 modis
889 1897 1007 1976 dirigit,
1020 1898 1068 1958 vel
1098 1905 1099 1908 ’

94 1997 241 2060 docendo
254 1996 401 2058 veritates
417 1996 501 2070 lidei,
523 1996 572 2056 vel
587 2011 691 2056 mores
703 1994 905 2058 informando
915 1995 1006 2075 juxta
1023 1995 1070 2058 le-

92 2113 167 2176 gem
187 2095 341 2170 divinam,
363 2095 414 2156 vel
437 2093 638 2174 disciplinam
658 2093 837 2156 statuendo.
871 2093 970 2174 Igitur
991 2093 1070 2173 legis

92 2193 318 2257 ecclesiastica
339 2193 506 2272 multiplex
520 2197 569 2255 est
590 2191 764 2272 objectum,
788 2208 906 2271 nempe
934 2192 1066 2272 dogma,

91 2309 200 2356 mores
218 2297 250 2354 et
263 2291 441 2370 disciplina.

131 2390 215 2452 Hinc
227 2406 364 2451 canones
374 2387 541 2469 dogmatici,
551 2386 675 2448 morales
687 2390 719 2450 et
729 2386 939 2470 dilapidatores.
951 2389 1069 2450 Eorum

90 2493 250 2562 naturam,
262 2485 395 2566 species,
411 2486 575 2548 distinctas
589 2491 681 2548 notas
700 2489 861 2570 'exponere
871 2486 974 2565 juvet3
995 2503 1069 2548 nam

10 2572 12 2608 r
90 2585 235 2666 cognitio
253 2584 410 2666 ejusmodi
422 2583 554 2646 omuino
566 2583 743 2646 necessaria
756 2589 803 2647 est
817 2585 856 2646 ad
878 2601 914 2644 ea
928 2583 1068 2649 dilucide

10 2765 12 2774 γ
90 2684 312 2764 percipienda,
339 2700 410 2762 quae
424 2683 596 2746 universim
620 2683 660 2744 de
677 2682 708 2745 vi
722 2686 754 2745 et
767 2681 956 2744 auctoritate
974 2697 1071 2744 cano-

86 2800 173 2850 num
188 2781 350 2844 dicuntur.

129 2916 158 2970 l.
173 2913 214 2968 lle
227 2911 387 2972 canonibus
400 2909 482 2968 fidei.

128 3004 159 3059 2.
171 3002 211 3057 De
221 3001 382 3060 canonibus
394 3013 524 3056 morum.

129 3093 157 3148 3.
173 3091 213 3146 De
228 3089 387 3146 canonibus
400 3088 573 3162 discipline.
617 3135 624 3154 ,

127 3268 305 3332 (ltTurquini,
319 3270 490 3322 institutiones
497 3269 570 3336 juris
584 3266 681 3334 publici
689 3267 857 3332 ecclesiastici,
866 3267 912 3318 lib..
924 3265 944 3332 l,
954 3279 1011 3328 cap.
1023 3279 1041 3314 ι.
