2620 4258
421 199 494 242 PARS
518 197 681 242 sruulALls.
899 233 902 238 .
984 201 1035 246 eal

75 315 289 376 beneficiorum
310 313 550 394 parochialium,
569 315 716 374 Formam
738 319 844 376 autem
864 333 1036 378 concursus
1127 295 1130 304 ¹

76 412 258 474 illustrarunt
271 413 395 474 Summi
410 412 580 474 Pontifices
594 411 648 490 (1).

110 511 145 570 ll.
160 510 222 570 Lea
236 509 402 570 Tridentino
415 508 450 570 dc
464 527 617 572 concursu.

112 611 136 668 1.
153 608 264 668 Habita
291 607 405 668 notitia
426 607 599 671 vacationis
617 607 749 686 alicujus
770 610 940 686 parochia,
965 611 1038 689 Epi-

77 723 184 784 scopus
206 706 314 766 statim
337 707 469 784 deputat
482 704 782 782 administratorem,
800 707 854 785 qui
867 725 974 769 curam
993 726 1042 770 eo·

75 803 171 865 clesiae
184 803 328 876 sustinet,
344 803 447 864 donec
461 802 490 864 ei
506 803 546 863 de
559 807 683 864 rectore
698 804 910 882 provideatur.
925 807 1042 868 Indici-

74 907 122 962 tur
131 918 300 962 concursus
309 919 366 980 per
379 901 520 962 edictum
533 899 723 980 episcopale.

111 1002 140 1058 E.
164 999 420 1084 Dielconstituto,
446 1005 671 1062 concurrentes
697 1001 918 1078 examinantur
936 1020 1044 1064 coram

75 1097 227 1176 Episcopo
242 1099 290 1158 vel
303 1098 429 1160 vicario
441 1097 591 1176 generali,
610 1103 641 1158 et
654 1097 755 1159 tribus
772 1101 936 1160 saltem'ex
951 1119 1044 1180 syno-

77 1195 193 1256 dalibus
219 1194 499 1256 examinatoribus
529 1195 667 1274 Singulis
691 1195 889 1273 assignantur
924 1197 1046 1258 easdem
1114 1271 1118 1282 ἱ

76 1292 1043 1372 quaestionesoreetscriptosolvendae,idemtextusconcionis,

76 1394 157 1453 idern
173 1393 325 1469 temporis
336 1391 615 1468 spatiumPraeter
627 1393 816 1464 doctrinam,
834 1393 929 1454 etiam
943 1394 1045 1472 iuqui-

76 1495 183 1550 runtur
199 1505 310 1548 eorum
321 1489 464 1563 virtutes,
477 1489 645 1566 prudentia
657 1495 688 1550 et
698 1489 773 1550 aliae=
785 1489 875 1550 dotes
888 1489 926 1548 ad
941 1488 1064 1550 curam'

77 1589 251 1646 animarum
265 1585 477 1644 ’exercendam
491 1585 688 1660 necessariae.
1013 1577 1015 1582 ’
1099 1571 1102 1576 ’

62 1671 63 1674 “
110 1687 145 1745 3.
181 1681 377 1742 Inhabilibus
404 1681 540 1760 rejectis,
563 1681 671 1742 idonei
688 1682 848 1760 Episcopo
869 1683 1050 1744 renuntian-

78 1788 136 1844 tur.
164 1783 210 1841 Ex
234 1779 416 1858 approbatis
449 1797 523 1841 eum
546 1781 721 1858 Episcopus
744 1780 842 1858 eligit,
867 1801 963 1861 quem
985 1801 1050 1862 prae

79 1878 196 1940 catoris
210 1878 388 1956 digniorem
398 1878 602 1958 judicaverit.

114 1977 166 2036 ΙΙΙ.
182 1977 344 2037 Concursu
358 1994 424 2036 non
442 1977 650 2036 conferuntur
664 1975 772 2052 plures
786 1976 945 2054 parochia
963 1997 969 2037 :

115 2077 143 2132 l.
165 2074 341 2134 Concursus
362 2089 426 2132 non
447 2073 617 2134 adhibetur
639 2073 743 2150 quoad
770 2071 902 2134 vicarios
916 2078 1048 2134 curatos

81 2170 297 2248 parochiarum
322 2171 500 2246 unitarum;
528 2187 604 2230 nam
627 2169 797 2231 habitualis
822 2188 898 2231 cura
919 2171 1048 2250 parochi

82 2267 259 2346 principalis
274 2285 338 2328 non
352 2273 451 2328 vacat.

118 2367 147 2426 E.
161 2365 311 2426 Ecclesiae
321 2364 400 2444 juris
413 2368 595 2442 patronatus
608 2362 682 2422 laici
694 2379 712 2421 a
726 2363 795 2438 lege
808 2377 978 2426 concursus
993 2385 1045 2427 so-

84 2462 152 2524 lutae
167 2461 395 2537 sunt3'etenim
413 2461 590 2540 Episcopus
605 2459 700 2520 debet
719 2459 871 2520 clericum
885 2479 903 2520 a
917 2467 1050 2540 patrono

84 2564 305 2634 presentatum
327 2558 508 2631 instituere,
535 2557 711 2618 dummodo
733 2563 940 2634 praesentatus
964 2573 1054 2634 repe·

85 2655 176 2718 riatur
189 2657 335 2717 idoneus.

29 2761 31 2810 2
118 2753 425 2832 absumpturam
449 2770 620 2814 concursus
646 2771 704 2831 pro
728 2751 868 2829 parocho
892 2753 1055 2816 amoribili

29 2841 30 2912 ᾗ
86 2850 444 2932 (Deusiocoupreputiom's
456 2850 587 2926 Cuculli,
607 2851 707 2932 1617).

120 2954 149 3028 l.
166 2951 318 3037 Parochia
337 2968 495 3012 concursu
516 2967 582 3010 non
596 2951 769 3024 confertur,
787 2950 841 3010 ubi
865 2967 960 3012 nemo
975 2956 1056 3012 esset

87 3048 135 3125 qui
149 3066 183 3110 se
197 3049 285 3110 dicto
299 3048 436 3110 examini
450 3047 544 3110 vellet
557 3046 714 3125 subjicere
732 3047 787 3128 (1).

114 3243 146 3302 (1)
158 3241 197 3291 Pii
208 3241 228 3291 V
241 3241 324 3290 const.
344 3239 373 3288 la
391 3237 557 3299 conserendis.
574 3263 604 3276 -
619 3239 746 3288 Benedicti
769 3239 824 3288 XlV
839 3239 923 3288 donst.
946 3237 1007 3288 Cum
1022 3237 1055 3287 11-

88 3317 177 3369 1111,-
189 3321 304 3382 Ejusdem
320 3321 402 3370 donst.
416 3317 532 3366 llcddr'lae
544 3315 624 3368 ochr'a.

117 3400 147 3462 (2)
158 3401 263 3464 Giraldi,
273 3400 303 3450 da
317 3397 441 3462 Puroclro,
451 3409 509 3460 pars
520 3397 540 3459 l,
555 3411 608 3458 cap.
622 3409 650 3446 u.
