2626 4258
442 231 698 278 enascentibus
1003 233 1055 280 ΜΒ

80 347 259 409 cardinales
273 351 421 427 tanquam
437 348 591 428 praeeipui
608 349 716 411 clerici
732 347 989 430 praeficiebantur
1003 369 1057 413 ec-

80 445 187 507 clesiis
201 445 380 522 titulorum,
398 447 524 510 addicti
544 452 634 510 erant
652 449 804 510 Ecclesia
825 467 966 510 romanae
986 468 1057 528 quae

80 551 128 607 est
139 550 286 607 centrum
299 550 331 608 et
341 551 436 626 eaput
450 551 649 621 caeterarum,
666 564 703 608 ac
714 547 861 610 Pontifici
870 547 1057 610 assistebant

79 643 113 704 in
138 643 292 722 regimine
320 643 504 705 universalis
529 643 692 705 Ecclesiae.
722 643 868 706 Profecto
897 649 1058 706 senatores

76 742 203 803 Summi
222 743 385 806 Pontificis
401 748 551 822 praestare
565 741 745 804 debuerunt
765 742 964 804 senatoribus
981 742 1059 821 Epi-

75 855 259 917 scoporum,
274 839 356 902 sicut
371 839 560 901 dioecesibus
573 843 702 917 praestat
716 838 856 899 Ecclesia
865 855 1007 899 romana.

115 939 289 1016 Progressu
307 937 473 1016 temporis,
498 938 611 998 eodem
625 937 722 997 modo
738 952 801 1014 quo
816 953 935 996 nomen
950 938 1055 1014 Papae,

76 1035 154 1097 clim
167 1035 313 1097 omnibus
326 1035 492 1115 Episcopis
504 1051 687 1109 commune,
701 1034 820 1094 iactum
836 1037 883 1094 est
893 1033 1058 1112 proprium

74 1131 227 1210 Episcopi
245 1131 381 1207 romani,
397 1148 515 1193 nomen
527 1129 740 1192 cardinalium
759 1129 911 1192 ministris
925 1131 958 1190 R.
974 1131 1057 1191 Pon-

73 1230 171 1292 tiliois
181 1236 374 1292 reservatum
388 1237 434 1294 est
445 1236 575 1310 propter
584 1231 745 1309 triplicem
758 1229 925 1306 rationem,
942 1247 1057 1310 nempe

74 1327 295 1410 symbolicam,
312 1331 448 1408 logicam
461 1335 493 1390 et
506 1328 703 1390 historicam.

118 1429 146 1488 l.
176 1426 267 1487 Ratio
291 1427 448 1509 symbolica
467 1445 480 1488 .·
499 1427 581 1489 sicut
613 1444 708 1505 super
729 1427 895 1488 cardinem
922 1427 1058 1488 volvitur

75 1525 194 1587 ostium
211 1527 336 1600 domus,
362 1525 407 1586 ita
428 1543 523 1604 super
545 1525 603 1586 bos
624 1525 722 1587 Sedes
740 1507 935 1604 A'postolica,
960 1524 1056 1589 totius

73 1622 227 1684 Ecclesiae
244 1623 372 1698 ostium,
389 1623 528 1684 fulcitur.

114 1723 145 1782 2.
164 1719 253 1780 Ratio
266 1719 359 1800 topica
374 1739 386 1780 :
397 1722 565 1782 Senatores
581 1721 703 1783 Summi
716 1720 881 1782 Pontifieis
895 1725 1061 1799 suntprae·

74 1817 163 1896 eipui
179 1816 340 1897 Episcopi,
359 1818 547 1898 presbyteri,
562 1818 700 1881 diaconi.

117 1917 147 1978 3.
165 1913 254 1975 Ilatt'a
268 1913 404 1975 historica
420 1934 431 1976 .·
443 1917 541 1977 Suum
559 1933 678 1977 nomen
693 1915 854 1994 accipiunt
875 1933 939 1977 non
955 1917 1058 1976 solum

73 2031 91 2072 a
107 2012 211 2074 titulis
227 2013 341 2091 quihus
356 2013 606 2089 incardinantur,
626 2015 682 2074 sed
699 2014 878 2092 praesertim
891 2013 930 2074 ab
948 2015 1057 2076 Eccle-

74 2109 122 2170 sia
135 2127 267 2172 romana
281 2111 332 2172 oui
345 2111 502 2172 stabiliter
514 2112 635 2191 addicti
652 2113 736 2174 sunt.

302 2311 326 2358 2.
341 2309 488 2360 Constitutio
499 2306 594 2373 'collegii
606 2309 775 2362 Cardinalium
785 2311 828 2372 (l).

115 2467 139 2528 l.
158 2463 363 2528 Cardinaliam
378 2467 485 2548 tropica
496 2467 616 2548 prodas.
631 2468 773 2530 -Initio
787 2467 924 2546 duplicis
933 2472 1057 2530 tantum

74 2563 203 2642 generis
218 2564 398 2626 cardinales
413 2571 512 2640 erant,
535 2566 658 2628 scilicet
680 2563 856 2647 presbyteri
880 2565 980 2628 titulis
1003 2583 1057 2627 seu

74 2661 221 2722 ecclesiis
237 2662 275 2722 ad
293 2679 380 2723 sacra
394 2664 574 2743 peragenda
586 2664 764 2726 constitutis
775 2663 929 2742 praelecti,
943 2669 975 2726 et
988 2663 1058 2724 dia-

72 2759 148 2820 coni
174 2758 229 2838 qui
251 2759 420 2836 diaconias,
440 2758 473 2822 id
497 2767 555 2833 est,
577 2761 750 2840 hospitales
775 2763 891 2822 domus
908 2778 983 2822 cum
1002 2762 1058 2822 ad·

71 2856 271 2920 haerentibus
281 2859 405 2920 sacellis
418 2859 450 2919 in
461 2859 643 2938 regionibus
657 2859 746 2922 urbis
758 2859 921 2937 regebant.

31 2979 33 3056 p
110 2957 327 3017 Accesserant
352 2962 462 3036 postea
488 2957 655 3018 viciniores
687 2957 848 3036 Episcopi.
885 2959 962 3020 Cum
997 2959 1058 3022 tre·

31 3081 33 3140 p
71 3057 210 3133 quenter
229 3053 263 3114 in
283 3053 396 3116 urbem
410 3055 634 3128 convenirent,
655 3058 690 3114 ut
709 3054 857 3116 Pontifici
867 3055 986 3134 pariter
1008 3073 1060 3116 as-

72 3152 225 3213 sisterent
240 3152 274 3212 in
292 3153 447 3218 sacrificio
469 3153 547 3216 etin
566 3151 731 3228 regimine,
747 3157 912 3230 caeperunt
933 3155 1059 3214 Latera·

71 3250 166 3310 nansi
179 3249 324 3311 Basilieae
339 3251 489 3326 adscribi,
507 3256 538 3312 et
555 3249 736 3312 cardinales
757 3249 920 3327 appellari.
936 3249 1057 3312 Exinde

72 3347 195 3425 triplex
214 3347 424 3408 cardinalium
439 3350 554 3428 gradus
567 3345 707 3422 emersit,
725 3345 873 3409 videlicet
887 3348 1058 3429 Episcopo-

103 3508 138 3566 (ll
157 3505 317 3556 Innocentius
332 3507 368 3568 ·X,
384 3513 464 3559 const.
490 3505 626 3559 Militantis
640 3502 765 3554 Ecclesia.
788 3531 818 3540 -
842 3503 990 3556 Benedictus
1001 3507 1057 3568 llll,

77 3591 161 3636 const.
180 3585 209 3636 la
223 3587 354 3650 reqimiaa.
882 3592 883 3596 ’
