2588 4272
174 208 224 258 ill
338 211 496 260 nxrostrlo
517 211 694 261 usrfloolea
714 213 798 260 solos
819 215 974 264 canonici.

171 334 234 406 tur,
250 347 313 392 non
328 336 414 392 ceria
434 331 528 392 iaciat
551 335 738 410 argumenta
759 331 875 410 quibus
902 333 1049 398 doctores
1073 349 1144 398 eam

170 429 347 501 adstruunt,
360 429 462 508 ipsam
477 433 584 492 tamen
596 428 783 490 doctrinam.
794 435 914 492 certam
931 432 1024 508 iacit3
1040 449 1145 512 neque

169 525 314 586 habenda
329 531 377 587 est
388 527 474 588 velut
483 525 598 588 abusus
611 527 779 606 disciplina
788 529 942 606 generalis
955 529 994 590 ab
1005 529 1148 592 Ecclesia

169 623 312 702 probata.
325 625 408 704 Ergo
424 625 593 704 disciplina
612 642 707 702 quam
731 624 861 688 exhibet
878 627 1070 688 Isidorianus
1091 644 1147 690 co-

170 722 241 796 dex,
267 729 421 802 quatenus
442 723 476 783 in
496 723 619 802 praxim
637 723 848 786 universalem
875 724 1004 786 inducta
1025 729 1083 799 est,
1105 723 1145 786 ab
1254 780 1258 790 .

169 819 256 880 omni
267 820 424 883 catholico
446 821 541 884 debet
568 821 694 882 admitti
715 822 750 882 ut
772 821 950 884 laudabilis.
974 823 1037 885 Sed
1060 823 1147 886 bona

168 934 234 980 non
247 923 339 994 esset,
353 919 379 980 si
396 919 566 1004 genuinam
590 923 621 982 at
635 919 834 981 retinendam
858 919 972 981 veteris
992 920 1146 983 Ecclesiae

170 1015 372 1094 disciplinam
386 1015 595 1091 immutasset,
615 1017 641 1078 si
661 1018 734 1096 Jura
749 1017 940 1080 Pontificum
959 1017 1043 1079 ultra
1057 1017 1148 1078 limi-

169 1117 217 1175 tes
243 1113 446 1188 extendisset,
477 1114 503 1176 si
533 1115 604 1194 jura
627 1114 859 1192 opiscoporum
880 1119 912 1176 et
935 1113 1147 1176 conciliorum

170 1209 344 1286 evertisset3
361 1211 469 1290 paucis
481 1211 595 1288 verbis,
609 1211 634 1272 si
648 1211 694 1272 rei
707 1210 932 1274 ecclesiasticae
946 1209 1065 1272 euitiale
1078 1211 1148 1274 oul-

168 1327 223 1368 aos
236 1309 403 1384 intulisset,
420 1315 455 1372 ut
469 1309 513 1372 ait
525 1310 651 1390 Fleury.

209 1407 307 1486 Igitur
324 1407 378 1468 illa
396 1408 488 1483 mala,
514 1425 572 1485 per
595 1408 688 1468 falsas
706 1408 881 1470 decretales
903 1407 1037 1484 invecta,
1061 1407 1146 1470 nihil

169 1501 253 1562 aliud
267 1507 339 1563 sunt
353 1519 447 1580 quam
460 1504 610 1582 figmenta
627 1503 859 1568 iulloolesiam
879 1507 1022 1566 sanctam
1047 1508 1081 1568 et
1095 1505 1148 1566 in-

167 1599 331 1662 fallibilem
346 1606 474 1679 prorsus
486 1599 649 1680 injuriosa.
723 1643 726 1650 ·

535 1835 721 1903 iltutus
746 1837 773 1904 ll

439 1997 657 2052 contedrlorlus
678 2005 761 2052 sonis
780 2007 864 2056 novl.

206 2160 296 2222 Circa
313 2159 456 2222 medium
474 2163 626 2222 saeculum
642 2179 685 2237 xr,
711 2181 809 2225 novus
832 2163 865 2226 in
887 2164 1003 2226 animis
1027 2166 1148 2228 excita-

166 2263 217 2320 tus
231 2259 327 2318 ardor
344 2259 441 2337 coepit
465 2245 621 2321 culturam
647 2261 851 2324 scientiarum
880 2280 1078 2342 promovere,
1098 2265 1148 2346 ip-

167 2373 278 2435 sasque
292 2355 325 2416 in
338 2355 515 2418 ordinatam
527 2357 664 2418 formam
682 2359 836 2438 redigere.
856 2361 962 2421 Multis
977 2361 1147 2424 codicibus

167 2453 337 2531 diligenter
350 2453 547 2532 compositis,
562 2455 650 2516 novis
668 2455 701 2515 in
716 2456 784 2516 dies
803 2457 895 2518 editis
914 2458 1051 2538 legibus,
1069 2457 1149 2520 Cor-

164 2551 307 2632 pusjora's
323 2551 454 2612 canonici
463 2553 591 2630 prodiit.
609 2555 676 2626 Ouo
690 2555 809 2616 factum
830 2561 888 2629 est,
912 2556 994 2618 utin
1017 2557 1087 2619 foro
1111 2563 1147 2620 et

165 2649 199 2709 in
215 2649 331 2712 scholis
339 2649 592 2730 jurisprudentia
606 2651 759 2715 canonica
773 2654 873 2734 magis
881 2655 1098 2735 evolveretur(
1118 2654 1145 2736 ).

202 2793 290 2850 Carnr
304 2795 325 2850 l.
362 2795 516 2852 Decretum
534 2758 676 2855 Gratiani.

200 2881 288 2938 Garun
302 2882 335 2939 ll.
359 2881 546 2942 Collectioues
558 2885 771 2948 ,Decretalium

200 2969 288 3027 Germ
300 2969 345 3028 lll.
360 2969 552 3044 Corpusjuris
569 2973 711 3032 canonici.
796 3012 798 3016 ·

197 3162 231 3224 lo
249 3163 374 3226 Baliarici,
390 3163 427 3212 De
447 3165 558 3230 eclipsis
577 3165 772 3218 collectionibus.
792 3169 823 3206 ·-'
842 3169 976 3234 Zallinger,
995 3171 1143 3236 appendix,

164 3255 221 3308 cap.
238 3255 276 3294 ur.
292 3269 322 3281 -
334 3243 430 3305 Devcti,
445 3244 752 3316 Prolepomenc,cap.v1.
