2604 4270
408 334 481 379 PARS
503 333 682 380 emanantis.
950 335 957 356 ⁸
998 337 1031 382 33

75 451 225 512 voluntatis
240 451 464 526 inconstantia
476 451 696 530 indomitoque
716 453 925 531 cupiditatum
940 459 1030 528 aestu,

76 550 100 608 in
116 547 249 626 qualibet
269 548 419 609 societate
438 549 651 610 necessarium
678 555 725 610 est
746 551 796 628 jus
818 551 922 612 media
946 551 1030 612 desi-

76 647 186 724 gnandi,
205 652 237 707 et
258 663 367 707 omnes
384 646 422 705 ad
451 647 561 706 eadem
578 645 760 706 adhihenda
779 648 1032 728 obligandi3qua

76 744 101 802 in
128 760 158 803 re
178 737 309 822 legitera
336 748 476 821 potestas
504 744 659 806 consistit.
684 745 767 823 Ergo
789 751 926 824 potestas
956 746 1033 825 legi-

75 842 128 902 tera
138 841 278 902 societati
290 842 440 919 perfectae
455 843 620 921 competit.

107 937 266 998 Secundum
282 937 437 998 theorema.
452 973 491 984 -·-
502 939 636 1000 Ecclesia
653 938 768 1001 Christi
779 949 821 1001 est
840 941 1033 1022 societasper-
1072 1013 1077 1032 ι

75 1036 271 1114 sectatrices
280 1041 388 1096 notura
397 1055 459 1111 scu,
476 1045 537 1096 tum
548 1056 585 1114 erc
610 1037 757 1098 voluntate
770 1037 865 1098 divini
871 1040 934 1119 rjus
951 1039 1033 1100 Fun-

75 1133 169 1194 dotorir
182 1133 235 1213 (t).

105 1231 190 1293 Proh.
214 1235 244 1292 1³
263 1249 358 1309 pars:
375 1230 430 1290 Er
458 1239 567 1291 notura
584 1231 738 1293 Ecclesiae.
759 1235 874 1295 Natura
899 1234 1033 1296 socicta-

75 1335 130 1389 tum
144 1347 178 1390 ex
192 1345 306 1391 earum
316 1330 378 1388 fine
392 1329 632 1390 determinatur.
650 1330 798 1404 Proinde,
817 1331 949 1392 societas
962 1348 1034 1408 quae

74 1446 120 1488 sno
132 1429 189 1490 tine
204 1444 355 1506 suprema
366 1431 424 1501 est,
434 1443 493 1488 nec
504 1429 543 1487 ad
556 1427 650 1488 aliam
661 1429 844 1489 societatem
857 1428 1033 1499 ordinatur,

76 1543 105 1584 ex
119 1532 226 1587 natura
242 1542 298 1586 sua
311 1525 451 1602 perfecta
462 1529 518 1600 est,
537 1531 568 1586 et
586 1525 734 1586 omnibus
760 1526 895 1586 donatur
921 1523 1035 1586 mediis

75 1625 204 1686 adfinem
222 1625 484 1702 consequendum
498 1623 694 1684 necessariis.
709 1623 805 1701 Atqui
827 1621 970 1684 Ecclesia
989 1628 1035 1684 est

75 1721 190 1782 societas
204 1738 367 1800 suprema,
379 1721 533 1799 nequead
549 1720 644 1781 aliam
656 1721 842 1782 societatem
858 1720 1033 1794 ordinatur,

73 1835 133 1878 cum
145 1820 210 1894 ejus
228 1819 300 1879 finis
311 1818 490 1896 sitadeptio
503 1817 575 1878 vitae
590 1823 729 1894 aeternae.
1088 1882 1090 1885 .

104 1917 190 1978 Prob.
216 1920 250 1977 2³
264 1935 336 1995 pars
353 1915 427 1976 :Er
440 1899 588 1976 voluntate
607 1915 729 1976 Christi.
745 1916 876 1993 Duplici·
893 1915 942 1977 via
962 1933 1036 1994 pro-

73 2013 180 2075 ceditur
195 2015 239 2074 ad
253 2014 332 2074 illud
348 2012 642 2091 comprobandum:
659 2015 707 2074 vel
727 2015 961 2075 demonstratur
979 2012 1035 2073 ah-

72 2111 192 2172 snrditas
232 2109 459 2190 propositionis
485 2111 755 2187 contradictorias,
787 2111 836 2172 vel
865 2110 1037 2172 afferuntur

71 2209 191 2283 positiva
203 2207 389 2270 testimonia
401 2207 545 2286 ejusdem
559 2207 671 2268 divinae
684 2209 864 2270 voluntatis.
919 2235 922 2242 ¹
947 2255 949 2260 .

101 2305 239 2366 Pramum
249 2313 452 2387 orpcmentrm
468 2325 480 2366 .·
491 2305 664 2366 absurdum
680 2310 728 2366 est
741 2323 879 2368 asserere
896 2306 1037 2367 divinum

70 2405 211 2466 Ecclesiae
225 2404 439 2464 Fundatorem
451 2402 591 2464 noluisse
610 2403 756 2464 camdem
771 2403 962 2465 constituere
988 2421 1039 2465 so-

72 2501 210 2563 cietatem
244 2502 429 2579 perfectam.
455 2499 582 2562 Etenim
610 2499 783 2562 absurdum
805 2507 851 2563 cst
879 2501 1037 2563 Christum
1095 2551 1098 2563 .

69 2601 158 2660 Deum
172 2599 329 2660 Ecclesiae
343 2599 407 2659 soie
428 2599 622 2660 sufficienter
640 2615 705 2658 non
730 2599 917 2677 providisse.
942 2600 1037 2678 Atqui

70 2714 122 2757 non
134 2699 298 2776 sapienter
307 2697 458 2758 Ecclesiae
471 2697 672 2775 providisset,
686 2696 748 2758 nisi
764 2698 910 2758 eamdem
923 2697 1039 2759 consti·

69 2796 170 2857 inisset
189 2795 378 2856 societatem
393 2795 579 2874 perfectam,
593 2795 625 2855 id
639 2800 696 2870 est,
712 2795 773 2855 nisi
789 2796 884 2856 tatem
898 2799 1038 2874 potesta-

70 2897 124 2953 tem
135 2894 200 2972 ipsi
228 2891 367 2954 dedisset
390 2893 582 2971 quaeomnia
607 2893 712 2955 media
737 2894 776 2955 ad
808 2894 905 2953 finem
928 2908 1040 2954 conse·

69 2993 228 3068 quendum
242 2990 431 3052 sufficientia
445 2991 721 3069 complecteretur.
732 2993 874 3068 Namque
894 2989 919 3050 si
934 2987 1040 3049 media

71 3091 220 3151 adfinem
252 3087 403 3150 Ecclesiae
427 3090 685 3167 consequendum
709 3090 885 3168 penderent
912 3085 951 3146 ab
980 3085 1040 3148 alia

69 3189 226 3260 societate,
241 3201 386 3264 nempca
408 3186 557 3248 societate
572 3186 668 3260 civili,
691 3185 812 3246 nefaria
834 3189 1040 3262 seque-rentur

72 3284 284 3346 consectaria:
303 3285 334 3342 t⁰
351 3287 437 3344 recta
457 3283 606 3345 Ecclesia
628 3282 861 3344 administratio
885 3283 950 3346 fere
968 3301 1040 3362 prc-

71 3383 142 3444 caria
157 3385 264 3455 esset;
280 3384 313 3442 2⁰
329 3379 471 3458 ejusdem
485 3381 589 3442 unitas
600 3397 659 3460 pro
674 3381 822 3442 varietate
834 3381 1040 3444 consiliorum

71 3481 141 3556 apud
159 3480 303 3540 diversas
317 3477 483 3540 societates
501 3477 608 3538 civiles
628 3477 660 3537 in
684 3483 838 3556 perpetuo
858 3479 1040 3540 discrimine

35 3714 37 3723 ι
95 3685 123 3748 tt)
134 3681 270 3744 Tarquini,
281 3681 472 3730 Institutionum
488 3680 532 3730 lib.
550 3682 569 3741 I,
584 3695 638 3743 cap.
657 3695 676 3744 1,
692 3689 756 3732 sect.
772 3685 794 3731 2.
