2588 4272
219 273 271 320 raa
316 263 318 267 ’
383 271 538 318 uxrosrrro
558 271 737 316 unruourun
759 272 841 316 rums
863 271 1019 318 unuonrcr.

229 391 348 452 XLVII.
362 387 569 450 Praesumitur
592 388 780 468 ignorantia,
808 387 863 449 ubi
889 387 1099 450 seientianon
1115 407 1193 468 pro-

437 491 517 547 atur.
546 493 550 504 '

216 584 351 647 XLVIII.
365 485 566 660 Logupletari
587 600 651 644 non
668 582 764 644 debet
781 583 894 662 aliquis
908 601 982 645 oum
1004 583 1133 646 alterius
1146 583 1194 644 in-

410 680 503 760 Juria,
520 681 568 741 vel
583 681 717 759 jactura.

246 782 351 842 XLIX.
365 781 401 840 In
415 780 515 859 prunis
528 779 695 859 benignior
703 779 923 858 Interpretatio
936 779 1084 841 facienda
1098 784 1158 840 est.

316 881 352 940 L.
366 881 464 940 Aotus
474 875 608 957 legitimi
623 875 841 939 conditionem
855 896 920 940 non
939 878 1109 957 recipiunt,
1136 883 1193 936 ne-

416 991 478 1055 que
493 975 592 1037 diem.

640 1119 715 1160 DEGAS
731 1122 766 1158 VI·

298 1263 347 1325 LI.
366 1261 469 1325 Semel
489 1265 554 1325 Deo
570 1261 721 1336 dicatum,
742 1281 809 1324 non
830 1268 877 1324 est
892 1264 930 1323 ad
949 1281 1022 1324 usus
1038 1261 1195 1324 humanos

418 1360 550 1422 ulterius
562 1361 830 1423 transferendum.

285 1459 348 1520 LII.
364 1461 433 1520 Non
446 1462 575 1537 praestat
588 1458 866 1536 impedimentum,
882 1459 969 1538 quod
991 1459 1031 1520 de
1043 1457 1115 1538 jure
1131 1475 1197 1520 non

421 1555 553 1617 sortitur
573 1555 733 1617 eil'eetum.

266 1655 342 1716 LIII.
358 1654 1194 1734 GuilicetquodestpiuS,IioetutiquequodestmInus.

267 1755 343 1814 LIV.
360 1753 418 1824 Oui
435 1753 522 1831 prior
537 1757 583 1812 est
594 1757 751 1831 tempore,
766 1753 872 1830 potior
886 1759 933 1814 est
944 1753 1027 1832 jure.

280 1852 342 1913 LV.
360 1850 419 1922 Qui
438 1850 532 1910 sentit
548 1867 636 1925 onus,
656 1850 774 1912 sentire
788 1849 883 1912 debet
898 1851 1120 1926 commodum,
1137 1856 1197 1912 ete

420 1947 541 2008 contra.

267 2046 344 2106 LVI.
359 2046 394 2105 In
411 2061 446 2104 re
459 2044 632 2118 communi,
647 2046 755 2123 potIor
769 2050 816 2108 est
828 2046 971 2110 conditio
983 2046 1195 2125 prohibentis.

253 2145 346 2207 LVII.
362 2146 478 2205 Contra
488 2159 559 2204 eum
573 2143 627 2221 qui
637 2144 741 2223 Iegem
753 2143 859 2206 didere
869 2145 973 2224 potuit
984 2143 1138 2223 apertius,
1154 2148 1200 2205 est

232 2247 235 2252 '
421 2240 643 2319 interpretatio
655 2241 810 2304 facienda.
1257 2227 1259 2232 ’

243 2338 346 2402 LVIII.
362 2341 484 2401 Nonest
494 2339 719 2418 obligatorium
729 2337 1197 2419 contrabonosmorespraesti-

421 2446 490 2498 tum
503 2437 728 2516 juramentum.

268 2537 345 2598 LIX.
360 2535 439 2597 Dolo
448 2532 522 2596 facit
536 2535 591 2614 qui
603 2535 683 2614 petit
695 2535 781 2614 quod
793 2534 959 2596 restituere
969 2539 1097 2614 oportet
1112 2551 1200 2598 eum·

423 2635 508 2696 dem.

274 2734 338 2794 LX.
353 2734 422 2794 Non
432 2738 480 2794 est
490 2731 523 2792 in
535 2731 696 2812 mora‚qui
705 2735 810 2812 potest
819 2732 1159 2812 exceptionelegitima
1168 2749 1201 2792 se

423 2830 515 2892 tueri.

642 2974 717 3014 omns
732 2975 778 3012 vn.

160 3105 162 3108 ’
260 3113 338 3176 LXI.
355 3111 444 3186 Ouod
459 3111 499 3175 ob
514 3113 647 3194 gratiam
660 3113 792 3192 alicujus
811 3111 1009 3188 conceditur,
1026 3117 1154 3200 nonest
1168 3111 1202 3172 in
1257 3125 1258 3151 ¹

426 3211 492 3290 ejus
509 3206 712 3290 dispendium
726 3210 988 3288 retorquendum.

246 3309 337 3370 LXII.
354 3311 465 3372 Nullus
480 3327 518 3371 ex
532 3310 677 3386 oonsilio,
698 3293 873 3374 dummodo
887 3307 1124 3370 fraudulentum
1139 3324 1204 3369 non
1256 3305 1257 3348 i

426 3407 530 3483 fuerit,
547 3406 715 3488 obligatur.

238 3505 343 3568 LXIII.
360 3505 589 3584 exceptionem
613 3506 780 3586 objiciens
804 3524 869 3569 non
891 3506 1016 3568 videtur
1035 3507 1074 3568 de
1095 3505 1203 3568 inten-
1255 3505 1256 3557 I

306 3603 394 3664 tione
407 3603 577 3665 adversarii
593 3593 748 3665 confiteri.
