2620 4258
449 187 523 232 PARS
545 186 709 236 sebertus.
1014 192 1065 238 269

89 305 222 366 daretur
232 304 420 384 Episcopus.
443 305 518 370 Haeo
536 287 640 364 forma
657 305 821 368 electionis
845 323 903 385 per
920 313 993 370 octo
1006 309 1072 370 fere

88 403 206 464 saecula
225 401 373 464 obtinuit.
392 401 622 480 Populusljure
637 403 816 481 meritoque
837 403 898 464 luit
912 406 1069 474 exclusus,

88 517 165 562 cum
178 501 244 579 eju's
257 501 426 580 praesentia
444 499 624 578 perniciosa
638 501 735 562 evasit
749 501 789 563 ob
803 502 955 564 sactiones
975 509 1007 564 et
1020 507 1071 564 tu·

89 599 220 660 multus.

446 727 471 773 2.
489 725 534 772 lus
544 723 720 773 Decretolium.

129 881 154 942 1.
172 881 252 942 Cum
267 878 428 964 oppositas
442 877 475 938 in
487 884 593 958 partes
611 883 777 958 raperetur
790 881 940 958 populus,
954 884 986 942 et
998 897 1076 942 con-

89 977 286 1040 tentionibus
312 975 494 1040 turbaretur
513 977 665 1052 Ecclesia,
686 978 738 1056 jus
761 977 899 1057 eligendi
928 979 1075 1040 modera-

89 1085 159 1142 tum
174 1084 222 1141 est
234 1079 412 1142 interventu
427 1078 669 1158 magistratuum
698 1085 730 1144 et
754 1097 876 1160 regum,
893 1098 957 1158 quo
972 1081 1077 1142 multo

91 1177 271 1238 detractum
298 1175 359 1236 luit
381 1175 574 1237 electionum
602 1176 751 1238 libertati.
781 1177 959 1239 Concilium
980 1192 1075 1255 gene·

90 1273 155 1334 rale
183 1288 250 1345 rur,
268 1273 542 1351 Constantinopoli
557 1271 713 1348 habitum,
726 1272 759 1333 in
769 1273 928 1353 integrum
943 1274 1010 1334 lere
1024 1288 1078 1334 re-

91 1370 194 1440 stituit
214 1369 465 1432 ecclesiasticam
481 1369 675 1446 libertatem,
692 1371 769 1432 dum
785 1372 883 1434 laicos
895 1371 928 1432 in
947 1371 1076 1432 Oriente

90 1469 235 1546 primum
250 1466 290 1527 ab
304 1466 514 1528 electionibus
537 1468 673 1542 amovit3
700 1469 784 1546 apud
806 1471 931 1530 Graecos
951 1469 1003 1547 jus
1020 1466 1077 1528 eli·

90 1565 189 1644 gendi
199 1566 269 1626 sine
280 1566 400 1642 populo
409 1564 443 1626 in
455 1565 621 1644 Episcopis
633 1566 795 1626 remansit.

125 1665 169 1725 II.
197 1664 322 1723 Interea
343 1661 377 1721 in
404 1661 576 1722 Occidente
601 1663 693 1724 multi
719 1661 881 1740 principes
902 1679 935 1722 se
947 1661 981 1722 in
994 1662 1082 1728 eleo-

92 1761 237 1823 tionibus
257 1760 499 1837 immiscebant3
516 1778 657 1840 eousque
668 1765 891 1840 processerunt
911 1765 947 1822 ut
959 1761 1080 1822 nullam

92 1857 318 1938 permitterent
344 1858 537 1920 electionem
564 1877 636 1936 quae
661 1859 750 1938 prius
775 1877 832 1922 suo
857 1877 985 1924 assensu
1012 1875 1077 1918 non

94 1955 204 2016 luisset
230 1953 448 2032 comprobata.
467 1956 546 2016 (turn
571 1957 657 2018 enim
682 1957 797 2036 amplis
826 1956 1081 2035 possessionibusw
1142 2001 1144 2007 ,

94 2051 256 2114 auxissent
270 2052 490 2130 Episcopatus,
516 2069 614 2132 eaque
629 2054 752 2116 ratione
765 2054 907 2117 vacantia
921 2054 1006 2116 bona
1024 2055 1080 2115 ad-

95 2148 321 2224 ministrarent,
347 2149 422 2210 ideo
446 2148 484 2210 ab
503 2149 580 2230 ipsis
608 2153 799 2229 postulanda
823 2158 889 2214 erat
909 2151 1080 2230 possessio

97 2249 189 2312 Circa
201 2247 311 2308 saeculi
326 2263 357 2306 rx
371 2247 543 2308 dimidium
567 2249 700 2310 inolevit
713 2267 788 2316 usus
800 2239 1076 2322 investiturarum

97 2365 169 2426 quae
185 2346 315 2424 quidem
328 2345 523 2409 investiturae
541 2345 683 2422 primum
695 2351 769 2422 post
779 2345 969 2408 electionem
984 2363 1082 2408 cano-

97 2443 205 2504 nicam
230 2442 296 2502 ritu
324 2440 456 2502 minimo
488 2441 671 2502 damnando
699 2441 970 2504 concedebantur,
998 2443 1080 2503 Hinc

99 2557 173 2602 vero
183 2538 344 2620 principes
357 2537 485 2611 iterum,
497 2534 713 2604 in'dermania
724 2538 915 2618 praesertim,
939 2537 1080 2599 occasio-

98 2653 174 2699 nem
197 2636 399 2714 arripuerunt
425 2637 515 2698 sedes
539 2635 734 2714 episcopales
748 2633 971 2707 distribuendi,
988 2638 1083 2709 atque

99 2733 300 2798 concedendi
329 2733 548 2796 investituram
576 2733 711 2796 solemni
732 2729 1039 2796 traditioneannuli
1053 2733 1085 2790 et

100 2831 207 2894 baculi
221 2831 400 2909 pastoralis,
416 2829 531 2908 quibus
545 2835 685 2910 potestas
693 2829 866 2909 spiritualis
877 2827 1082 2907 exprimitur.

140 2930 267 2990 Exarsit
276 2929 351 2990 inde
362 2929 764 2992 medioaevoceleberrima
774 2929 858 2990 inter
869 2925 1085 2989 sacerdotium

101 3022 1086 3106 etimperiumlucta.RomanisPontificibuspravamejusmodi

101 3124 368 3187 consuetudinem
387 3122 630 3202 reprobantibus
641 3129 673 3184 et
686 3121 849 3184 summani
865 3123 1012 3182 adversus
1036 3119 1089 3198 ip-

101 3218 741 3298 samobnitentibus,generaleconciliurn
751 3217 1087 3280 Lateranenselinves·

101 3319 215 3380 tituras
244 3316 392 3380 abolevit.
424 3319 655 3394 Recuperatam
683 3313 877 3376 electionum
903 3315 1086 3378 libertatem

101 3415 250 3478 Ecclesia
264 3415 475 3484 exercendam
490 3413 665 3475 transmisit
678 3411 914 3474 cathedralibus
927 3411 1085 3492 capitulis,

102 3512 195 3591 quasi
214 3529 384 3591 personam
404 3512 594 3576 clericorum
620 3517 652 3574 et
677 3509 820 3572 fidelium
846 3507 1085 3573 sustinentibus.
