2588 4272
247 251 299 300 ¹06
409 248 564 296 nxeosoro
585 245 764 294 harnonlca
785 245 869 292 JUflls
891 247 1044 295 canonici.

245 366 422 447 praecipuos
437 365 669 447 provinciarum
681 364 831 446 praesules
841 364 981 442 primum
998 366 1130 439 directa,
1149 363 1228 424 sub·

245 466 320 526 inde
336 482 394 544 per
414 465 533 526 litteras
555 463 624 524 aliis
643 462 808 542 Episcopis
825 463 1162 539 communicarentur;
1181 463 1229 524 sie

246 561 395 625 omnibus
408 561 660 623 innotescebant.

286 662 323 722 ll.
343 658 529 721 Collectiooes
542 658 683 720 Ecclesia
696 657 847 738 Romanoa.
862 689 900 704 -
912 659 1059 737 Aliquem
1073 659 1230 720 codicem

246 774 404 820 canonum
424 763 455 818 et
478 756 686 819 decretalium
706 760 779 816 ante
804 755 956 818 saeoulum
974 773 1006 818 vr
1027 757 1059 816 in
1079 755 1230 818 Ecclesia

246 853 388 913 Romana
406 850 544 912 extitisse
563 848 726 928 probabile
750 853 796 910 est
818 854 911 910 :tum
935 850 1010 928 quia
1031 849 1063 910 in
1084 849 1230 911 concilio

247 947 493 1010 Chalcedonensi
515 948 564 1020 ad.
578 963 678 1008 unum
696 946 841 1008 codicem
864 947 971 1026 Legati
990 947 1169 1020 Pontifiois,
1188 947 1230 1008 ad

246 1047 345 1108 alium
359 1047 460 1108 Graeci
474 1043 696 1125 provocabant,
710 1045 794 1122 quod
806 1043 921 1123 probat
934 1044 1059 1124 utrique
1070 1045 1231 1107 Ecclesiae

247 1157 340 1200 sunm
362 1139 509 1202 codicem
529 1138 625 1200 fuisse
642 1157 650 1211 ;
670 1143 739 1198 tum
762 1136 835 1214 quia
858 1137 989 1199 Siricius
1013 1137 1164 1208 Pontifex
1189 1138 1229 1198 ad

247 1237 423 1317 Episcopos
437 1235 563 1316 scripsit
578 1254 585 1296 :
602 1232 725 1294 Statotn
739 1232 1011 1316 SedisApostolt'coe,
1026 1235 1073 1296 vel
1083 1254 1231 1296 cononum

248 1333 367 1416 definito
388 1333 466 1395 nulli
482 1331 663 1395 sacerdotnm
692 1332 825 1410 iprtorore
843 1332 881 1394 sit
906 1332 1031 1394 liberum
1055 1331 1110 1411 (l).
1136 1333 1230 1404 Quod

249 1434 366 1518 ¹frustra
385 1431 530 1494 Pontifex
545 1429 702 1510 jussisset,
718 1429 778 1488 nisi
791 1430 892 1491 codex
905 1430 1027 1505 fnisset,
1042 1447 1081 1492 ex
1092 1446 1161 1508 quo
1182 1446 1233 1490 sa·

249 1530 394 1592 cerdotes
410 1527 556 1590 notitiam
567 1543 725 1589 canonum
739 1527 865 1588 haurire
879 1528 1066 1606 potuissent.
1090 1605 1092 1610 Δ

289 1627 384 1690 Multa
407 1643 480 1688 vero
503 1625 678 1688 moliuntur
704 1631 740 1687 ut
763 1625 842 1686 nihil
859 1631 953 1704 agant
975 1627 1042 1689 Van
1065 1627 1175 1704 Espen
1200 1629 1232 1686 et

250 1723 315 1796 alii,
330 1723 383 1802 qui
394 1721 571 1800 pontificias
588 1721 830 1784 constitutiones
845 1722 878 1782 in
891 1721 1135 1784 collectionibus
1148 1740 1231 1784 non-

251 1821 327 1880 dum
340 1820 473 1880 insertas
486 1818 582 1880 fuisse
597 1819 806 1894 contendunt,
824 1823 859 1880 ut
872 1819 946 1880 inde
959 1820 1075 1880 inferre
1088 1821 1228 1898 possint,

250 1922 322 1977 ante
344 1915 528 1996 Dionysium
540 1919 664 1978 tantum
683 1915 892 1977 conciliorum
906 1934 1054 1993 canonae,
1073 1935 1139 1978 non
1151 1919 1232 1979 item

251 2013 443 2092 Apostolicae
467 2013 557 2076 Sedis
579 2014 707 2074 decreta
725 2013 948 2076 auctoritatem
970 2015 1155 2077 obtinuisse.
1175 2017 1232 2076 Et-

252 2111 338 2174 enim
349 2111 415 2173 etsi
431 2127 538 2173 verum
554 2115 647 2184 esset,
662 2111 823 2173 neminem
841 2117 932 2175 antea
943 2114 1116 2176 decretales
1130 2115 1233 2175 colle·
1277 2190 1278 2194 Ἰ

252 2209 344 2290 gissc,
360 2208 393 2268 id
408 2213 514 2270 tamen
529 2213 660 2270 vetustae
681 2208 806 2270 illarum
830 2209 1010 2272 auctoritati
1031 2211 1111 2270 nihil
1127 2211 1233 2270 detra-

187 2335 189 2340 ·
252 2317 359 2390 heret3
376 2331 450 2376 nam
465 2313 510 2374 vis
526 2329 634 2374 earum
654 2310 841 2390 profluebat,
861 2328 926 2372 non
944 2328 981 2372 ex
994 2311 1122 2390 privatis
1138 2309 1232 2371 codi-

254 2409 355 2486 cibus,
380 2409 436 2470 sed
460 2426 498 2470 ex
517 2413 675 2487 potestate
698 2407 900 2482 Pontificum,
923 2413 1012 2469 etex
1032 2406 1231 2485 autographo

254 2507 352 2586 quod,
378 2506 412 2569 in
434 2506 573 2568 archivio
587 2507 678 2568 Sedis
698 2505 890 2584 Apostolicae
908 2512 1075 2582 servatum,
1093 2505 1132 2566 ad
1149 2504 1232 2565 diri-

255 2603 385 2666 mendas
403 2604 631 2666 controversias
649 2602 869 2666 adhibebatur.

297 2701 349 2761 lll.
362 2698 498 2762 Collertr‘o
516 2699 660 2782 Dionysii.
674 2731 714 2745 -
726 2701 857 2762 lnennte
873 2703 989 2763 saeculo
1006 2718 1039 2764 rr
1052 2701 1229 2784 Dionysius,

254 2798 382 2862 natione
398 2797 524 2878 Scytha,
550 2797 692 2858 moribus
714 2798 884 2873 Romanus,
904 2800 1100 2878 professione
1119 2817 1233 2860 mona-

255 2892 344 2966 chus,
363 2895 394 2952 ct
412 2891 531 2952 ratione
545 2895 672 2952 staturas
691 2891 739 2952 vel
755 2891 920 2953 modestiae
942 2897 1153 2972 cognomento
1168 2893 1233 2953 επί-
1290 2949 1291 2954 ,

253 2983 340 3069 quos,
358 3005 487 3068 operam
507 2989 602 3076 dedit¹
615 3006 704 3050 novae
724 2988 908 3052 collectioni
930 3008 1001 3069 quae
1026 2991 1177 3052 dividitur
1198 2990 1232 3049 in

256 3089 333 3148 duas
346 3091 451 3165 partes
467 3106 474 3148 :
489 3087 587 3148 altera
598 3086 807 3148 conciliorum
821 3104 971 3166 canones,
984 3090 1082 3152 altera
1097 3087 1233 3150 Pontifi-

256 3199 329 3245 cum
346 3184 519 3245 decretales
534 3184 768 3264 complectitur.

297 3281 404 3343 Codex
416 3280 634 3362 Dionysianus,
648 3281 767 3360 privata
781 3282 911 3362 quidem
925 3283 1113 3344 auctoritate
1126 3283 1233 3364 vulga·

256 3384 319 3456 tus,
334 3377 495 3440 tamenab
510 3379 651 3443 Ecclesia
661 3381 802 3441 Romana
814 3386 960 3460 receptus
971 3379 1041 3440 fnit.
1058 3381 1153 3443 Illum
1165 3383 1232 3462 plu·

294 3595 326 3658 (l)
338 3591 421 3644 siricii
431 3592 506 3661 epist.
523 3593 554 3645 ad
566 3593 694 3654 laeuum.
708 3591 856 3660 Episcopum
868 3595 1087 3650 Tarraconensem.
