2620 4258
187 240 241 288 292
343 238 501 289 Expostulo
522 235 701 282 auunculus
722 235 805 282 touls
828 237 984 286 CANONICI.

188 357 369 432 sciscerent,
390 355 582 434 quibuscum
605 351 768 414 dioecesim
786 359 872 416 recte
894 354 1164 416 administrarent.

228 455 330 516 AEtate
345 452 486 532 Gregorii
503 453 556 525 IX,
571 449 687 513 vicarii
708 451 868 528 generales
881 452 964 528 apud
979 468 1089 512 omnes
1104 453 1170 513 Ec-

187 547 1168 628 elesiasnondumvigebant,naminDecretalibusGregorianis

187 649 273 710 nulla
300 665 411 710 eorum
434 647 564 726 vestigia
601 644 811 724 reperiuntur.
845 645 1057 724 Temporibus
1091 665 1168 709 vero

188 746 342 808 Bonifacii
355 748 423 809 vlll
435 745 642 817 invaluerant,
660 743 777 803 etenim
794 742 827 801 in
841 743 935 804 Sexto
951 745 1167 806 Decretalium

189 844 369 906 distinctius
382 846 604 922 proponuntur
617 841 761 919 ipsorum
775 856 907 902 mouera
921 840 972 920 (l).

226 943 263 1003 ll.
282 940 446 1002 Diversitcs
469 937 629 1018 discipliuae
650 937 680 996 io
699 936 872 998 dt'oeeesibus.
889 970 928 984 -
952 939 1112 1018 Equidem
1126 959 1167 1004 ex

187 1041 294 1118 regula
305 1037 470 1099 universali
486 1035 604 1098 Vicarii
619 1036 779 1114 generales
795 1035 1036 1098 Archidiaconis
1051 1055 1166 1102 succe·

188 1138 281 1198 dunt.
305 1138 423 1199 Verum
434 1135 485 1212 jus
503 1150 753 1194 commune-non
775 1133 996 1214 determinavit
1010 1136 1166 1215 Episcopi

186 1233 390 1313 obligationem
407 1231 589 1292 assumendi
602 1231 744 1292 Vicarios
759 1233 931 1310 generales,
947 1249 1050 1310 neque
1062 1253 1165 1296 aume-

185 1349 253 1390 rcm
271 1347 393 1406 eorum,
411 1345 513 1408 neque
528 1327 812 1407 modumrepcicndi
820 1327 1007 1390 exercitium
1022 1330 1163 1392 Vicaria-

190 1434 236 1489 tus
247 1427 301 1507 (t).

227 1529 256 1586 l.
273 1527 343 1586 Non
358 1525 416 1586 luit
431 1525 584 1598 decisum,
610 1523 769 1586 Vicarium
790 1521 970 1602 generalem
990 1539 1010 1582 a
1032 1521 1165 1601 singulis

112 1609 114 1612 ⁵
186 1623 351 1700 Episcopis
366 1623 623 1684 constituendum
637 1636 721 1694 esse;
740 1619 773 1679 in
784 1619 855 1698 jure
868 1620 994 1680 nullum
1008 1619 1167 1698 reperitur

186 1719 369 1800 hujusmodi
387 1723 596 1797 praeceptum.
614 1718 646 1780 si
661 1733 735 1778 vero
750 1717 830 1778 adsit
848 1716 1029 1792 necessitas,
1046 1737 1076 1779 v.
1093 1736 1123 1796 g.
1140 1717 1165 1778 si

186 1817 361 1894 Episcopus
372 1833 428 1894 per
440 1833 473 1876 se
487 1817 590 1876 solum
602 1815 704 1876 causis
717 1814 924 1891 expediendis
935 1832 1000 1875 uon
1013 1815 1158 1891 sufficiat,

187 1898 240 1974 aut
254 1912 415 1973 interdum
429 1930 494 1974 non
515 1911 661 1986 resideat,
684 1911 726 1972 ob
741 1911 861 1972 bouum
883 1911 1029 1974 dioecesis
1051 1929 1090 1974 ex
1106 1931 1162 1975 vo·

186 2010 307 2070 luntate
319 2009 467 2070 Ecclesiae
488 2013 614 2068 tenetur
629 2008 788 2072 vicarium
802 2011 983 2087 generalem
995 2009 1160 2086 adhibere,
1261 2081 1265 2091 ⁸

188 2113 219 2168 et
232 2125 249 2168 a
262 2108 393 2169 Summo
405 2105 559 2168 Pontifice
573 2107 643 2184 cogi
656 2111 771 2184 potest.
867 2175 868 2180 ἵ

225 2209 255 2264 2.
270 2207 424 2265 Numerus
440 2203 638 2265 vicariorum
652 2204 848 2282 generalium
861 2205 900 2266 ah
915 2205 1077 2285 Episcopo
1089 2223 1162 2286 pen·

186 2303 262 2364 dere
275 2301 412 2375 videtum
426 2306 594 2379 propterea
604 2303 766 2364 nonnulla
777 2283 928 2366 dimceses
938 2305 1163 2366 unumhabeut

186 2399 346 2463 vicarium
361 2399 549 2477 generalem.
563 2401 682 2492 tlontra
696 2400 788 2460 multi
800 2401 949 2480 Episcopi
963 2403 1164 2464 constituunt

185 2498 292 2576 plures
306 2495 447 2558 Vicarios
461 2497 633 2575 generales,
649 2497 711 2558 sive
727 2498 801 2576 quia
818 2499 886 2562 lraec
902 2501 1099 2562 consuetudo
1109 2500 1161 2558 in·

186 2597 281 2656 ducta
295 2585 342 2655 est
354 2599 484 2672 propter
500 2595 717 2656 extensionem
732 2596 943 2673 plurimarum
962 2597 1156 2673 dioecesium,

185 2691 248 2753 sive
264 2691 337 2770 quia
356 2708 421 2751 non
439 2695 563 2752 constat
577 2691 791 2770 episcopalem
809 2699 1002 2774 potestatem
1023 2696 1162 2774 eligendi

184 2791 325 2853 vicarios
336 2789 587 2868 restringendam
603 2805 669 2850 esse
686 2791 726 2850 ad
742 2791 873 2854 unicum
886 2795 1050 2856 vicarium
1068 2811 1162 2874 gene-

185 2889 295 2949 ralem.
410 2885 413 2895 “

223 2989 252 3046 3.
270 2984 331 3048 Ubi
349 2983 584 3046 constituuntur
604 2986 712 3063 plures
731 2987 847 3048 vicarii
872 2989 1047 3066 generales,
1078 2989 1161 3052 inter

184 3082 270 3161 ipsos
292 3081 331 3143 ah
354 3081 511 3161 Episcopo
534 3083 693 3159 regulatur
719 3085 838 3163 triplici
853 3087 949 3146 modo
971 3087 1159 3148 exercitium

180 3179 420 3256 jurisdictionis.
450 3179 631 3258 Aliquando
652 3182 782 3261 siugulis
807 3168 975 3245 mandatur
1000 3184 1158 3248 intutam

183 3275 346 3338 dioecesim
379 3281 511 3355 utraque
538 3281 678 3356 potestas
701 3281 876 3342 voluntaria
901 3286 933 3342 et
959 3281 1159 3345 contentiosa

183 3389 277 3450 quam
298 3373 332 3431 in
357 3374 495 3434 solidum
517 3379 683 3450 exercent3
709 3381 816 3438 tamen
838 3377 892 3440 ille
913 3379 1082 3456 prefertur
1103 3377 1157 3458 qui

213 3501 247 3563 (1)
263 3500 350 3562 cour,
362 3501 394 3551 de
407 3503 522 3565 Iudiciis,
534 3511 556 3556 t.
575 3505 594 3554 l.
612 3531 639 3541 -
652 3507 797 3568 Leurenina
812 3507 844 3556 de
858 3509 1108 3574 Viecrioepiseopoli.

215 3583 250 3646 (2)
266 3580 376 3644 Berardi,
387 3581 575 3634 Commentario
588 3585 665 3648 injus
676 3586 879 3652 ceeksiosiiccm,
896 3597 917 3640 t.
935 3591 956 3654 1,
970 3590 1067 3642 dissert.
1083 3591 1109 3640 V.
