2630 4250
510 214 583 260 PARS
605 215 769 263 sedemus.
1073 217 1123 262 18⁵

182 335 231 395 ad
252 333 417 395 vitandum
439 331 629 410 periculum,
646 333 684 392 iis
706 333 923 410 interdicitur,
945 353 985 397 ne
1008 335 1124 397 edendi

140 437 195 492 aut
219 430 351 492 bibendi
375 448 469 492 causa
491 431 638 492 tabernas
657 430 899 510 ingrediantur,
922 433 982 494 nisi
1003 433 1125 494 itineris

138 529 331 590 necessitate
349 527 534 606 compulsi(
555 527 582 606 ).

180 629 250 688 Non
274 627 502 706 permittuntur
531 627 571 686 ad
592 627 735 688 convivia
756 630 922 704 accedere,
948 628 1126 707 praesertim

140 725 320 804 nuptialia(
342 723 366 803 ).
402 755 406 762 ·

181 824 234 884 ΙΙΙ.
250 820 461 903 Beneficeolie.
474 822 519 882 Ea
533 824 581 880 est
595 813 754 882 bonorum
768 823 1067 886 Ecclesiasticorum
1082 822 1129 882 in-

140 922 244 995 doles,
260 925 305 994 ut,
331 937 403 999 quae
422 920 461 978 ad
479 919 613 979 honeste
631 919 804 1002 vivendum
829 921 955 982 clericis
976 939 1041 982 non
1057 927 1129 982 sunt

140 1018 333 1092 necessaria,
358 1035 396 1078 en
415 1021 522 1078 mente
543 1015 695 1078 Ecclesiae
719 1017 752 1076 in
772 1018 963 1080 miserorum
986 1021 1130 1080 levamen

140 1116 289 1194 impendi
305 1115 452 1176 debeant.
474 1115 553 1175 Cum
572 1123 646 1176 vero
661 1113 791 1175 avaritia
807 1120 839 1177 et
852 1117 1059 1194 prodigalitas
1074 1115 1131 1176 ob-

142 1219 238 1287 stent,
258 1215 297 1274 ab
310 1203 538 1291 utroque'ritio
557 1211 689 1274 clericos
708 1229 776 1274 esse
791 1213 912 1274 alienos
925 1213 1068 1276 Ecclesia
1079 1213 1132 1292 ju·

143 1311 209 1373 bet.
220 1310 427 1390 Hospitalitas
443 1309 538 1372 etiam
550 1328 568 1392 a
580 1310 920 1372 ConcilioTridentino
932 1312 1009 1389 ipsis
1019 1311 1127 1388 injun-

144 1410 243 1486 gitur.

239 1613 255 1678 ς
274 1612 299 1664 3.
317 1639 347 1650 -
360 1611 480 1677 Nepotis
497 1616 527 1664 st
543 1612 749 1664 oblectamenta
761 1611 874 1666 clericis
886 1611 1041 1677 prohibita.

188 1767 335 1828 Ganones
359 1783 397 1826 ea
419 1765 626 1843 prohibentes
656 1765 801 1826 nituntur
824 1765 983 1844 principio
1006 1765 1092 1844 quod
1116 1782 1135 1826 a

149 1865 180 1926 s:
198 1865 306 1924 Leone
323 1867 477 1924 statutum
492 1869 561 1924 est:
584 1864 762 1924 «Omnium
777 1863 979 1924 sacerdotum
996 1866 1062 1922 tam
1079 1879 1135 1923 cx·
1171 1916 1172 1919 ,

149 1960 270 2022 cellens
296 1963 345 2020 est
367 1961 492 2034 electio,
516 1965 551 2022 ut
576 1978 647 2038 quae
669 1961 701 2020 in
722 1961 791 2020 aliis
814 1959 965 2021 membris
984 1959 1134 2022 Ecclesiae

148 2061 260 2120 vacant
273 2075 291 2118 a
306 2059 409 2137 culpa,
425 2058 534 2118 inillis
550 2061 655 2120 lamen
667 2057 843 2119 habeantur
857 2057 969 2118 illicita
984 2057 1040 2137 (3).
1057 2078 1070 2114 o

190 2156 268 2216 Inde
284 2155 347 2216 duo
367 2155 546 2216 inferuntur
566 2175 573 2216 ε
593 2160 620 2216 l.
637 2157 774 2217 Externa
791 2155 914 2216 vivendi
932 2155 1011 2216 ratio
1029 2153 1139 2232 requi·

149 2253 232 2314 ritur
255 2269 273 2312 a
296 2252 421 2314 clericis
442 2253 617 2326 honestior,
645 2270 740 2330 quam
764 2270 781 2312 a
799 2253 889 2314 laicis
907 2271 914 2312 :
937 2273 951 2310 c
972 2252 1024 2314 Sic
1044 2253 1137 2313 decet

151 2350 285 2412 omnino
308 2349 440 2412 clericos
463 2351 497 2409 in
521 2355 640 2411 sortem
662 2350 790 2410 Domini
810 2355 936 2411 vocatos
953 2350 1051 2411 vitam
1070 2365 1139 2410 mo·

150 2465 267 2527 resque
280 2463 484 2526 componere,
506 2451 541 2508 ut
555 2446 676 2518 habitu,
697 2452 798 2524 gestu,
819 2447 956 2522 incessu,
973 2463 1133 2520 sermone,

151 2545 289 2624 aliisque
309 2546 441 2606 omnino
464 2543 570 2620 rebus,
594 2543 639 2604 nil
663 2543 725 2604 nisi
748 2561 851 2621 grave,
871 2545 1073 2605 moderatum
1097 2559 1134 2604 ac

151 2643 310 2720 religione
323 2643 454 2721 plenum
467 2660 533 2721 prae
549 2659 582 2702 se
594 2643 707 2716 lerant,
723 2641 804 2702 levia
816 2641 912 2702 etiam
925 2640 1052 2715 delicta,
1069 2657 1139 2717 quae

152 2743 191 2802 in
211 2741 289 2820 ipsis
313 2741 452 2800 maxima
475 2744 589 2816 essent,
615 2739 782 2818 effugiant,
807 2743 972 2800 uteorum
995 2737 1140 2800 actiones

153 2839 282 2901 cunctis
297 2839 429 2898 afferant
443 2837 681 2898 venerationem
696 2837 749 2917 (l).
766 2858 780 2895 u

197 2939 227 2996 2.
244 2937 338 2996 Plura
351 2933 480 3012 negotia
489 2934 538 2994 rel
552 2933 797 3009 oblectamenta,
810 2951 881 3012 quae
892 2934 987 2994 statui
1001 2930 1141 2994 clericali

154 3033 263 3094 minus
274 3032 478 3106 conveniunt,
490 3033 604 3093 merito
614 3031 833 3093 sacerdotibus
841 3031 1060 3110 prohibentur,
1073 3033 1142 3090 tum

153 3129 197 3191 ab
217 3129 452 3208 antiquioribus
465 3127 651 3205 canonibus,
669 3134 738 3190 tum
753 3146 771 3189 a
786 3128 929 3190 Concilio
942 3127 1142 3188 Tridentino.

154 3346 161 3360 ,
193 3316 225 3376 (l)
236 3313 350 3365 Canones
361 3316 547 3375 Apostolorum,
560 3313 698 3363 Concilium
714 3315 885 3364 Lateranense
899 3313 940 3375 lV,
956 3314 1140 3374 Tridentinum,

156 3395 248 3458 synodi
265 3395 430 3454 provinciales
444 3401 470 3442 el
485 3394 642 3442 dioecesanae.

148 3525 152 3532 ,
191 3476 223 3536 lt)
232 3474 294 3524 Gan.
310 3475 438 3532 Conuiuia,
449 3476 506 3524 dist.
520 3477 559 3523 ll.

194 3553 228 3616 (3)
242 3555 303 3605 Can.
319 3559 342 3614 1,
355 3555 417 3604 diss.
432 3558 467 3604 32.
487 3580 519 3591 -
529 3555 561 3616 (l)
572 3555 646 3604 Cone.
659 3553 738 3614 Trid.‚
750 3567 810 3604 sess.
822 3555 877 3614 XX,
890 3553 920 3602 de
932 3553 1052 3616 Reform„
1063 3565 1117 3613 cap.
1128 3565 1145 3600 r.
