2630 4250
462 283 535 330 rtns
557 285 720 333 sancitus.
1024 286 1077 334 211
1128 266 1130 273 '

105 405 160 474 tes,
176 419 205 460 v.
221 419 251 478 g.
263 402 435 464 reservatio
446 417 543 480 quam
556 401 701 465 Clemens
715 405 755 466 lV
773 409 805 466 et
814 405 995 466 Bonitaeius
1011 407 1079 468 Vlll

104 484 283 571 sanxerunt,
325 497 554 561 beneficiorum
591 503 675 580 apud
714 503 829 565 sedem
863 506 1080 582 Apostolieam

103 595 292 658 vacantium.
311 596 390 658 Aliae
403 595 534 660 sancitae
550 603 625 660 sunt
635 618 692 680 per
707 599 801 661 bullas
814 601 1080 677 eatreordtborias

103 713 128 754 v.
144 710 175 772 g.
191 710 250 771 per
263 694 507 772 Extravagantes
526 695 656 757 loannis
675 699 760 758 XXII
786 679 819 759 e't
842 699 1007 762 Benedicti
1027 699 1083 760 Xll

104 792 142 855 ob
157 799 341 872 temporum
354 791 558 856 difficultates
580 799 737 856 reservata
749 801 822 858 sunt
834 797 971 875 plurima
983 797 1081 860 bene·

104 890 186 962 ficia.
206 889 285 951 Aliae
299 889 329 949 in
341 889 453 969 reputas
467 887 884 954 Concellarv’oecontiuentur.

142 988 188 1048 De
199 987 271 1065 jure
284 986 532 1048 reservationum
545 987 632 1048 nulla
646 987 751 1050 existit
771 989 996 1051 controversia.
1023 991 1084 1051 Sed

107 1083 146 1144 de
158 1101 220 1144 usu
233 1083 331 1162 ipsius
343 1083 423 1162 juris
443 1083 664 1146 contentiones
672 1083 855 1148 inciderunt
870 1103 941 1163 quae
952 1086 1089 1147 sublate

105 1185 180 1240 sunt
193 1197 249 1258 per
262 1181 465 1242 concordate.

144 1277 402 1340 critoniano
425 1279 464 1338 ad
486 1278 676 1342 Pontificem
704 1281 832 1357 quando
854 1279 1020 1342 interiores
1045 1281 1086 1340 ad

107 1394 188 1455 quos
213 1375 394 1455 pertinebat
410 1376 557 1438 beneficii
575 1377 714 1452 collatio,
731 1377 810 1438 illud
824 1378 971 1438 conterre
982 1379 1088 1456 negle-

108 1478 233 1547 xerunt,
249 1473 333 1534 intra
344 1479 471 1552 tempus
480 1475 551 1552 jure
564 1474 799 1553 prescriptum,
817 1476 867 1538 vel
881 1477 961 1536 illud
976 1479 1089 1538 contu-

108 1571 215 1633 lerunt
231 1586 269 1630 eo
283 1571 381 1631 modo
395 1587 490 1648 quem
500 1571 551 1650 jus
566 1571 669 1634 irritat
685 1576 717 1634 et
731 1576 863 1650 propter
880 1587 977 1651 quem
992 1570 1089 1632 devo·

108 1666 266 1727 tutionem
275 1667 429 1728 decernit.
850 1733 855 1746 ,

140 1757 187 1826 'V.
209 1763 264 1824 lus
275 1764 460 1844 percontandi
476 1764 615 1827 subsedia.
644 1799 685 1810 -·-
707 1766 819 1828 Divino
840 1767 914 1846 jure
938 1768 1097 1850 docemur⁸

111 1859 323 1922 subsidiaillis
334 1861 389 1939 qui
401 1861 435 1920 in
445 1862 585 1924 Ecclesia
593 1869 776 1941 operantur,
790 1864 1002 1942 impertienda
1010 1880 1089 1938 esse,

112 1959 249 2038 ideoque
265 1957 298 2018 in
311 1959 423 2038 primis
438 1961 581 2021 Romano
595 1959 740 2021 Pontifici
755 1961 809 2040 qui
822 1961 966 2023 omniunt
981 1961 1092 2024 Eccle-

114 2055 231 2117 siarum
264 2071 372 2117 euram
406 2061 437 2118 et
463 2055 712 2118 sollicitudinem
737 2058 828 2138 gerit.
862 2059 960 2138 Igitur
994 2061 1089 2136 Papa,

115 2161 269 2232 quatenus
280 2159 327 2216 est
338 2155 437 2234 Caput
446 2154 598 2216 Ecclesiae
611 2160 782 2235 etpropter
794 2155 915 2218 honum
929 2155 1092 2235 religionis

117 2257 259 2331 sumptus
287 2252 441 2314 sustinere
464 2252 599 2330 cogitur,
627 2258 743 2332 petest,
769 2272 834 2316 non
860 2260 986 2317 tantum
1010 2255 1094 2316 dona

117 2351 207 2412 titulo
223 2349 439 2411 subventionis
467 2349 623 2428 accipere,
649 2366 759 2410 verum
786 2351 883 2412 etiam
898 2368 995 2412 onera
1009 2368 1092 2432 pree-

119 2447 225 2510 sertim
238 2447 332 2510 honis
347 2445 571 2506 ecelesiasticis
583 2444 759 2524 imponere.

157 2545 345 2626 Hujusmodi
360 2543 501 2606 subsidia
519 2548 592 2604 sunt
608 2543 742 2622 duplicis
759 2545 900 2621 generis:
934 2545 995 2604 alia
1009 2544 1095 2604 enim

121 2645 332 2718 exoleverunt,
349 2642 410 2704 alia
435 2658 520 2704 nune
541 2641 716 2704 solvuntur.
737 2645 768 2702 1⁰
783 2640 922 2702 Subsidio
942 2641 1096 2722 antiquato

121 2749 207 2806 erant
221 2743 270 2804 vel
286 2740 398 2803 tralata
413 2739 563 2815 laieorum,
581 2739 630 2802 vel
642 2755 740 2802 onera
753 2737 868 2800 cbriea's
881 2738 1040 2818 imposita.
1057 2771 1097 2786 -

122 2842 169 2904 Ad
192 2840 311 2904 tributa
325 2840 481 2902 laicorum
501 2839 682 2904 referuntur
693 2843 764 2903 tum
779 2837 918 2898 donorio
930 2835 966 2898 S.
980 2835 1099 2898 Patria

123 2939 252 3018 singulis
265 2937 394 2999 familiis
408 2937 443 2996 in
455 2937 617 2999 nonnullis
633 2935 817 3017 regionibus
838 2937 1002 3011 collectus,
1022 2939 1098 2996 tunc

21 3117 22 3126 ἵ
124 3053 232 3098 census
246 3052 325 3114 quos
338 3033 431 3096 multi
446 3033 606 3112 principes
618 3039 769 3114 tanquam
785 3033 893 3094 vasalli
906 3031 998 3094 Sedis
1018 3033 1101 3109 Apo·

21 3209 22 3214 ἵ
125 3134 243 3196 stelione
266 3133 315 3194 vel
333 3121 428 3194 ur'bes
443 3137 476 3194 et
490 3130 626 3192 abbatie
639 3131 681 3194 ob
700 3130 937 3210 protectionem
949 3129 1099 3192 Ecclesia

21 3225 22 3286 ζ
126 3247 262 3293 romanae
277 3229 418 3310 pendere
432 3233 672 3290 consueverunt.

163 3327 264 3390 Variis
292 3344 331 3388 ex
356 3324 460 3387 causis
484 3323 655 3398 Pontifices
679 3341 698 3384 a
724 3323 850 3385 clericis
876 3323 994 3386 tributa
1024 3323 1100 3387 olim

129 3425 336 3503 perceperunt
351 3442 358 3486 :
372 3419 550 3503 Jurerpoltt,
565 3421 717 3483 curabant
732 3426 766 3482 ut
784 3421 868 3484 bona
886 3422 1101 3488 ecelesiastica

22 3585 23 3592 χ
128 3521 315 3584 elericorum
335 3519 559 3586 decedentium
584 3518 618 3580 in
643 3519 713 3600 pios
738 3538 824 3596 usuc,
841 3521 932 3600 juxta
953 3536 1101 3593 canones,

22 3595 24 3644 ἱ
130 3623 393 3683 converterentur.
426 3649 465 3666 -·
478 3617 552 3678 lure
579 3615 716 3698 deportes
739 3617 957 3706 percipiebant
984 3615 1104 3679 benefl-
