2588 4272
263 236 315 282 128
425 231 584 279 uxrosmlo
604 229 780 275 ultruoutca
801 228 884 273 tutus
907 227 1064 273 cattorum.

622 451 840 509 ARTICULUS
859 453 874 506 1

543 631 718 672 AUTHBNTICAE
735 629 846 672 REGULAE
863 630 950 670 tems·

302 795 458 874 Equidem
469 794 687 873 interpretatio
695 793 824 872 publica
837 791 1049 854 subdividitur
1059 791 1093 852 in
1108 791 1248 854 authen·

266 895 371 968 ticam,
385 893 527 953 usualem
545 897 579 958 et,
587 893 782 971 judicialem.
801 890 980 952 Autlrenttco
993 889 1190 970 proponitur
1206 890 1246 950 ab

263 991 333 1070 ipso
346 989 542 1070 legislatore.
569 989 684 1051 Usuolt's
705 991 740 1052 tit
754 1001 799 1051 -ex
814 989 1061 1064 consuetudine3
1079 988 1146 1049 vim
1166 988 1246 1066 legis

263 1089 370 1161 hahet,
388 1088 511 1166 quoties
525 1089 745 1149 consuetudini
765 1089 888 1150 accedit
903 1087 1090 1166 legislatoris
1106 1104 1248 1148 consen-

263 1205 325 1261 suS,
341 1187 431 1265 juxta
458 1186 537 1246 illud
563 1185 706 1247 axioma:
733 1187 929 1248 consuetudo
948 1189 995 1246 est
1018 1185 1132 1265 optimo
1146 1184 1246 1265 legem

264 1284 406 1364 interpres
418 1283 471 1362 (t).
485 1283 707 1361 Interpretatio
720 1285 927 1346 tribunalium
942 1283 1131 1363 regulariter
1144 1284 1248 1346 inter-

264 1382 435 1462 pretationi
443 1381 635 1443 authenticae
647 1399 711 1442 non
722 1383 897 1460 aequivalet,
908 1381 970 1442 nisi
980 1383 1026 1442 vel
1038 1382 1248 1444 uniformitas

266 1480 464 1543 decisionum
487 1481 618 1542 inducat
641 1481 765 1560 praxim
786 1481 894 1557 curiae,
909 1479 1110 1544 veltribunal
1130 1499 1246 1560 supre-

264 1595 352 1639 mum
368 1578 472 1657 legem
486 1595 692 1640 communem
715 1578 951 1656 interpretetur.
978 1577 1068 1638 Ratio
1089 1584 1151 1652 est,
1173 1580 1247 1657 quia

264 1677 397 1760 facultas
413 1675 646 1753 interpretandi
665 1675 827 1754 judicibus
842 1683 971 1736 eatenus
983 1675 1154 1752 competit,
1172 1694 1248 1754 qua-

264 1781 355 1834 tenus
370 1774 410 1834 ad
427 1774 531 1852 legem
549 1773 771 1851 applicandam
786 1773 997 1836 necessarium
1017 1777 1065 1834 est
1081 1773 1247 1852 judicium

235 1883 249 1910 ⁴
267 1873 307 1932 de
320 1889 394 1932 vero
409 1871 494 1932 illius
508 1889 602 1932 sensu
616 1871 671 1948 (t).

305 1967 471 2041 Praemissa
492 1968 649 2046 ejusmodi
671 1968 888 2042 distinctione,
915 1977 1059 2048 superest
1073 1975 1110 2030 ut
1127 1988 1248 2048 propo·

263 2069 378 2126 nantur
392 2065 583 2127 authenticae
598 2065 716 2142 regulae
730 2065 821 2144 juris,
850 2067 957 2145 quales
975 2067 1008 2128 in
1021 2068 1246 2130 Decretalibus

264 2163 479 2240 reperiuntur.

300 2297 316 2360 ἓ
331 2297 355 2348 l.
376 2293 495 2366 Regulna
508 2294 539 2348 in
557 2293 755 2350 decretalibus
769 2295 963 2365 Gregoritmis.

302 2385 357 2448 52.
378 2382 497 2453 Regulae
511 2383 542 2438 in
557 2383 639 2439 Sexto
654 2383 860 2440 Decretalium.

410 2583 462 2648 fil.
477 2611 505 2624 -
527 2583 638 2649 ltaqulae
650 2582 879 2640 inliceretalihus
897 2586 1089 2652 treqorianis.
1125 2625 1127 2632 ι

198 2797 201 2804 .
289 2752 313 2813 Ι.
331 2752 442 2814 Omnis
467 2769 529 2832 res,
557 2771 615 2832 per
635 2771 839 2835 quascunque
867 2773 975 2818 causas
1002 2755 1161 2834 nascitur,
1186 2774 1245 2837 per

383 2851 710 2939 easdemdissolvitur.
1041 2907 1044 2914 Δ

276 2948 313 3008 ll.
333 2947 436 3008 Dubia
449 2948 483 3007 in
496 2949 660 3010 meliorem
674 2958 797 3030 partem
809 2952 1009 3032 interpretari
1021 2951 1153 3016 debent.

260 3045 313 3107 lll.
331 3045 446 3108 Utilius
464 3046 648 3108 scandalum
671 3050 878 3128 permittitur,
895 3068 990 3132 quam
1005 3051 1121 3112 veritas
1139 3051 1243 3114 relin-

379 3148 508 3224 quatur.

293 3333 571 3408 (immolationum
587 3336 607 3396 l,
620 3335 663 3386 tit.
683 3340 707 3398 t,
721 3338 752 3388 de
766 3339 961 3406 Consuetudtne.

294 3413 330 3474 (2)
343 3414 473 3474 Tarquini,
488 3415 659 3462 Institutioner
668 3415 742 3479 juris
758 3419 920 3468 ecelesiastici
932 3418 1038 3482 publici,
1051 3420 1097 3470 lib.
1110 3421 1132 3479 l,
1146 3435 1205 3484 cap.
1225 3436 1244 3484 1,

265 3487 296 3537 de
308 3491 600 3556 Potestotejttdieioric.
611 3517 643 3530 -
657 3496 747 3558 sagita,
757 3498 935 3560 Proenottones,
951 3498 1002 3562 §t
1017 3527 1047 3536 —
1059 3501 1248 3563 Schmalrgrue·

259 3571 313 3632 ber,
322 3571 368 3620 lus
377 3571 583 3636 ecclesiasticum,
591 3569 639 3627 tlt.
654 3575 675 3636 l,
689 3577 731 3630 tit.
745 3581 771 3640 2,
783 3579 798 3640 ἓ
810 3583 834 3642 l,
848 3577 881 3627 de
892 3580 1103 3644 Interpretotione
1113 3582 1186 3646 lepis.
