2604 4270
241 300 273 344 ³2
401 299 557 345 EXPOSITIO
579 298 756 344 METEODIGA
778 297 860 341 tulus
883 294 1038 342 cauculul.

242 424 311 479 tum
329 418 369 478 de
381 416 525 495 personis
534 416 567 476 in
578 415 692 494 quibus
705 415 760 475 illa
771 413 903 486 residet;
918 412 962 473 ita
974 409 1218 472 determinanda

242 514 303 576 erit
320 516 423 574 forma
436 512 599 592 regiminis
612 509 772 572 Ecclesiae.

276 648 365 702 Carur
381 647 402 702 Ι.
417 645 572 704 Existentia
587 642 714 714 legilerae
726 641 873 714 potestatis
889 640 920 695 in
936 639 1070 696 Ecclesia.

275 735 363 790 Carur
381 737 414 790 ll.
431 734 508 789 Varii
522 732 710 802 legislatores.

274 824 362 880 Gerar
378 823 425 880 111.
444 822 593 878 Conclusio
610 820 645 876 de
658 819 750 876 torma
764 817 914 889 regiminis
929 816 1072 874 Ecclesiae.

604 1008 608 1018 '
647 1009 776 1096 eaeor
800 1034 813 1093 1
913 1070 915 1074 -

350 1184 534 1234 Existentla
549 1183 702 1246 legiferae
714 1181 887 1240 potentntle
904 1181 941 1229 in
958 1180 1119 1230 Ecclesia.

283 1351 419 1412 Potestas
431 1349 554 1432 lepiscro
568 1355 614 1412 est
625 1350 676 1429 jus
695 1349 896 1429 proponendi
911 1347 1101 1426 obligatorio
1121 1348 1222 1409 modo

244 1451 351 1512 media
365 1467 435 1528 quae
447 1449 622 1511 necessaria
636 1449 757 1509 suntad
770 1446 1032 1509 societatisfinem
1047 1463 1223 1526 assequen—

243 1549 331 1610 dum.
810 1551 812 1554 ’

285 1644 417 1718 Societas
443 1661 518 1704 vero
549 1649 596 1706 est
618 1644 789 1705 multitudo
817 1643 984 1704 hominum
1016 1659 1052 1703 ea
1094 1641 1221 1703 ratione

243 1742 443 1816 coeuntium,
462 1741 630 1802 utcollatis
643 1741 760 1802 viribus
775 1741 879 1803 media
898 1740 959 1800 sibi
977 1745 1167 1818 comparent
1179 1741 1220 1800 ad

244 1841 370 1898 certum
383 1855 652 1916 communemque
666 1841 762 1900 finem
783 1837 1002 1900 obtinendum.
1020 1837 1160 1917 Perfecto
1173 1856 1222 1898 so-

247 1935 383 1994 cietosea
407 1935 533 2010 dicitur,
557 1953 627 2014 quae
650 1941 697 1996 est
723 1936 755 1995 in
772 1953 805 1998 se
829 1938 999 2015 completa,
1023 1935 1160 2014 ideoque
1188 1936 1223 1996 in

243 2032 415 2110 semetipsa
438 2032 534 2095 habet
560 2034 666 2094 media
685 2034 724 2093 ad
749 2035 869 2112 proprii
891 2033 961 2094 finis
986 2032 1223 2094 assecutionem

244 2129 446 2192 sufficientia.
1216 2211 1218 2214 ι

286 2225 351 2288 lllis
372 2227 553 2306 praemissis,
573 2228 613 2288 ad
628 2227 765 2306 juridice
778 2227 976 2308 probandam
1002 2228 1141 2307 legiterae
1158 2246 1225 2306 po·

248 2323 370 2384 testatis
397 2323 594 2386 existentiam
614 2324 647 2384 in
665 2324 817 2399 Ecclesia,
843 2325 906 2385 duo
924 2325 1089 2400 sufficiunt
1108 2344 1115 2384 :
1134 2327 1166 2384 l⁰
1180 2326 1227 2385 Ut

247 2422 336 2481 omni
363 2422 507 2505 societati
536 2423 686 2501 perlectae
712 2427 873 2500 competat
905 2422 1033 2499 legifera
1061 2426 1224 2501 potestas;

246 2521 278 2579 9⁰
293 2523 327 2578 ut
344 2519 486 2580 Ecclesia
501 2519 615 2580 Christi
636 2520 676 2580 sit
695 2519 829 2580 societas
850 2519 999 2598 perfecta.
1022 2518 1117 2598 Atqui
1150 2518 1228 2580 haec

246 2619 309 2678 duo
322 2621 476 2678 constant.

284 2715 423 2775 Primum
447 2713 611 2774 Theoremo.
628 2747 665 2759 -
683 2713 769 2774 Omni
786 2713 917 2774 societati
926 2713 1065 2794 perfectae
1086 2717 1234 2794 conpetit

245 2813 365 2894 legifero
376 2814 529 2894 potestus(
549 2813 572 2893 ).

284 2910 375 2972 Prot.
392 2911 550 2990 Competit
569 2911 713 2973 societati
728 2914 877 2992 perlectae
889 2913 940 2992 jus
956 2912 1100 2991 exigendi
1118 2930 1139 2973 a
1156 2915 1231 2976 suis

249 3008 401 3094 membris
417 3008 570 3088 quidquid
585 3010 798 3070 necessarium
809 3016 855 3072 est
867 3013 905 3070 ad
920 3012 1015 3070 finem
1025 3027 1233 3088 consequen·

249 3107 347 3183 dum3
365 3107 522 3186 siquidem
532 3105 662 3186 singulis
679 3106 773 3167 sociis
788 3107 870 3168 inest
884 3114 1065 3186 susceptum
1078 3107 1233 3170 cilicium
1250 3180 1252 3186 7

192 3199 194 3208 ’
247 3204 431 3265 conferendi
446 3204 526 3265 vires
540 3219 610 3264 suas
626 3203 665 3263 ad
685 3219 722 3263 ea
741 3204 929 3281 praestanda,
957 3223 1027 3282 quae
1056 3205 1096 3265 ad
1124 3205 1234 3269 finem

249 3291 407 3360 societatis
422 3303 654 3381 assequendum
667 3301 843 3362 necessaria
857 3307 942 3366 sunt.
957 3302 1053 3380 Atqui
1065 3303 1106 3363 ad
1124 3305 1235 3368 tinem

247 3399 517 3473 consequendum,
543 3417 601 3476 pro
624 3399 755 3459 humani
784 3399 964 3461 intellectus
989 3400 1173 3464 diversitate
1200 3409 1237 3466 et

277 3559 310 3618 (1)
326 3554 457 3616 Tarquini,
472 3555 543 3604 Juric
557 3555 717 3607 ecclesiastici
723 3557 821 3621 publici
830 3559 1011 3624 inrsttuttcm,
1025 3561 1070 3612 lib.
1089 3559 1109 3622 l,
1125 3574 1190 3623 esp.
1212 3579 1232 3628 r,

247 3643 307 3686 sect.
326 3639 350 3686 1.
