2604 4270
210 257 242 303 10
366 256 524 302 EXPOSITIO
546 255 724 300 ussrflomca
744 254 827 298 tulus
850 253 1003 298 canumet.

248 377 279 436 5⁰
297 373 440 434 Vitalium
458 373 583 434 actiones
596 371 766 452 diriqnntnr
788 370 827 431 ud
847 370 935 451 finem
956 369 1094 431 Ecclesia
1114 389 1187 450 pro-

204 473 314 552 priam.
330 473 384 532 llis
398 471 501 533 verbis
516 473 719 532 innotescunt
731 469 811 548 juris
822 469 1027 530 ecclesiastici
1040 469 1184 544 materia,

207 571 309 631 forma
322 575 354 632 et
368 570 448 632 finis.
466 569 597 630 Materia
611 586 713 647 ecqua
728 572 802 628 sunt
814 569 908 646 leges
924 585 960 627 ex
977 566 1091 646 quibus
1104 567 1188 628 inte-

206 653 313 748 gratur
324 667 376 745 ius
391 667 593 728 canonicum.
604 665 734 728 Materia
749 665 843 745 inqno
856 682 910 726 seu
921 664 1099 744 subjectum
1110 669 1186 724 sunt

206 781 315 826 omues
330 765 454 826 fideles.
478 764 609 825 Materia
623 762 702 822 circo
716 781 803 842 quam
829 779 884 822 seu
904 761 1067 840 objectum
1090 767 1188 822 mate-

205 860 282 921 riale
294 863 474 940 proximum
489 867 562 922 sunt
575 861 717 922 actiones
730 859 885 934 fidelium,
899 865 934 920 ut
946 859 1119 935 dirigendae
1131 877 1189 938 per

205 975 353 1020 canones.
377 957 487 1018 Fonnc
510 975 565 1018 seu
587 958 749 1037 objectum
773 958 905 1018 formale
939 957 1184 1032 estractitudo,

206 1072 276 1133 quae
293 1073 351 1134 per
370 1073 530 1117 canonum
552 1055 763 1117 directionem
778 1055 811 1114 in
832 1055 973 1117 actiones
998 1055 1188 1116 christiano-

205 1169 276 1213 rum
288 1153 466 1226 inducitur;
479 1153 561 1214 hanc
576 1154 661 1214 enim
671 1153 897 1215 rectitudinem
907 1152 1078 1214 intendunt
1088 1169 1188 1214 cano-

203 1266 260 1311 nes
283 1252 445 1312 Ecclesiae.
474 1251 556 1312 Ftnis
575 1251 810 1332 precinas-est*
826 1257 914 1312 recta
939 1251 1184 1312 christianorum

205 1337 375 1422 institutio,
395 1366 451 1409 seu
466 1348 589 1409 bonum
610 1349 682 1409 vitae
701 1347 891 1422 christianae,
908 1348 1043 1408 maxime
1058 1349 1091 1406 in
1106 1348 1186 1408 acti-

204 1444 262 1506 bus
295 1447 431 1506 externis
456 1447 628 1508 relucens.
663 1445 747 1506 Finis
779 1453 907 1507 remotos
936 1451 984 1508 est
1020 1445 1183 1507 beatitudo

205 1549 323 1606 aterna
338 1542 393 1624 (l).
462 1539 466 1548 '

579 1675 624 1724 ΙΙΙ.
644 1700 670 1708 -
685 1672 788 1724 Divisio.

242 1827 270 1886 l.
291 1823 425 1884 Ratione
441 1822 554 1901 objecti,
574 1825 625 1902 jus
643 1824 833 1885 canonicum
848 1823 1000 1886 dividitur
1014 1825 1046 1884 in
1062 1825 1113 1904 jus
1121 1844 1184 1906 pc-

205 1921 311 1982 bticorn
326 1925 358 1982 et
369 1921 711 2000 privatensiquidem,
729 1939 767 1982 ex
782 1922 977 1998 delinitione,
988 1923 1039 2002 jus
1053 1923 1187 1983 canoni-

204 2034 278 2079 cum
300 2023 346 2080 est
366 2020 551 2097 complexus
565 2019 672 2098 legum
686 2017 802 2098 quibus
823 2019 964 2080 Ecclesia
977 2020 1185 2081 constituitur

204 2120 236 2176 et
253 2115 409 2194 dirigitur.

241 2211 295 2272 Jns
307 2211 457 2293 publicam
473 2218 518 2273 est
532 2215 667 2292 systema
680 2213 797 2290 legum,
814 2212 928 2293 quibus
942 2214 1092 2275 Ecclesia
1107 2225 1186 2275 cona

184 2380 187 2387 ,
203 2309 325 2372 stitutio
336 2309 496 2384 definitur,
508 2314 577 2370 turn
588 2327 625 2370 ex
635 2315 748 2371 natura
762 2311 922 2373 societatis
934 2312 1095 2390 perlecta,
1113 2317 1184 2373 tum

204 2407 387 2486 expositiva
401 2410 560 2470 voluntate
568 2408 684 2470 curisti
695 2408 761 2488 ejus
771 2409 957 2470 fundatoris
969 2409 1184 2490 Jnspricotnm

203 2509 251 2568 est
268 2493 403 2585 systema
421 2507 528 2586 legum
543 2507 582 2568 ab
597 2506 748 2568 Ecclesia
766 2509 953 2570 auctoritate
976 2509 1181 2584 semitarum,

202 2603 317 2685 quibus
336 2604 458 2682 singula
481 2604 641 2666 societatis
667 2605 811 2666 membra
836 2605 1015 2685 diriguntur
1030 2608 1068 2667 ad
1085 2608 1185 2668 finem

203 2703 434 2782 assequendum
449 2701 501 2782 (2).

240 2801 296 2862 Jus
307 2801 472 2879 publicum
486 2814 592 2860 rursus
604 2799 756 2862 dividitur
770 2799 803 2886 in
819 2801 967 2862 internum
977 2807 1008 2863 et
1017 2809 1183 2863 caeternum.

199 2897 352 2960 Internum
370 2898 448 2958 illud
471 2901 598 2975 estque
622 2898 782 2960 societatis
801 2899 944 2978 regimen
964 2899 1182 2975 constituitur,

200 2996 263 3057 sive
286 2995 472 3058 discrimine
494 2996 649 3074 graduum
664 2995 779 3074 quibus
802 3014 946 3075 personae
970 3002 1044 3074 apto
1067 2997 1183 3059 ordine

201 3091 423 3171 disponuntur,
442 3094 506 3154 sive
527 3093 793 3155 determinatione
814 3093 980 3172 potestatis
1002 3100 1033 3155 et
1053 3095 1184 3156 medio-

200 3205 272 3250 rum
288 3189 403 3267 quibus
418 3183 695 3270 integra'Ecclesia
709 3191 805 3252 finem
820 3208 912 3253 suum
922 3191 1046 3270 assequi
1062 3195 1179 3272 potest.

230 3354 265 3418 (1)
278 3351 399 3414 Maschat,
411 3354 588 3418 Proleqomenc
598 3355 672 3420 juris
687 3355 835 3420 cononici,§
851 3361 876 3408 l.

230 3436 262 3497 (l)
273 3433 403 3494 Tarquini,
417 3435 590 3485 ln-stitationes
595 3437 667 3500 juris
672 3435 771 3500 publici
780 3435 949 3499 ecelesiastici,
959 3451 988 3498 p.
1005 3440 1029 3487 1.
1042 3465 1073 3473 -
1086 3438 1183 3500 Soglia,

199 3515 372 3592 institutiones
383 3511 456 3576 jaro
475 3514 637 3564 ecclesiastici
650 3515 754 3580 publici,
768 3515 820 3580 56.
838 3543 869 3556 -
882 3517 991 3578 Audisio,
1007 3518 1081 3568 Droit
1094 3517 1182 3581 public
1224 3559 1227 3564 .

199 3593 359 3668 det’qutse,
376 3594 556 3644 Introduction.
