2620 4258
462 237 536 284 Pars
558 237 722 285 SPECIALIS.
783 274 786 280 .
1025 247 1079 296 289

106 356 218 418 ordine
229 375 295 418 non
308 356 476 436 insignitos
491 353 679 434 generatim,
694 359 763 418 tum
780 359 864 422 intra
873 361 1036 424 dioecesim
1048 365 1081 426 in

103 454 320 516 functionibus
335 453 567 534 episcopalibus
583 452 662 514 alios
680 452 853 537 Episcopos
876 461 1079 529 antecedunt.

106 556 240 630 excepto
262 550 521 629 Metropolitano,
537 549 613 610 licet
635 567 673 610 ex
686 549 864 616 urbanitate
879 555 1016 619 debeant
1026 558 1082 618 ad·

106 667 200 710 venas
216 650 385 711 honorare.

145 751 176 808 2.
192 747 278 808 Ritus
293 747 428 808 solemnis
437 763 500 825 quo
514 745 691 824 Episcopus
700 747 830 812 visitans
842 751 996 812 Ecclesias
1009 753 1086 817 reci·

107 845 243 922 piandus
257 849 313 907 est.

147 945 178 1004 3.
202 942 307 1003 Prima
335 941 412 1002 sedes
442 941 550 1002 eidem
578 942 765 1022 assignanda
797 945 829 1004 in
864 944 974 1022 choro,
1001 948 1087 1026 capi-

107 1041 186 1114 tulo,
208 1045 268 1102 etc.
941 1093 943 1099 ,

147 1141 177 1197 l.
194 1136 289 1196 Tituli
301 1135 416 1214 quibus
429 1122 616 1213 compellari
629 1137 732 1198 solent
746 1138 907 1218 Episcopi.

147 1236 186 1304 Il.
203 1233 335 1314 Iast‘ynic
350 1233 512 1313 dignitatis
524 1233 713 1311 episcopalis
729 1241 982 1296 suntoraomeoto
993 1237 1091 1316 ponti-

109 1331 219 1413 ficalia,
234 1331 353 1410 quibus
374 1331 407 1390 in
427 1329 624 1392 solemnibus
646 1331 863 1394 functionibus
884 1338 1028 1394 utuntur.
1042 1335 1091 1394 Ad

112 1430 306 1508 Episcopum
323 1427 463 1506 pertinet
476 1444 551 1487 usus
572 1427 804 1504 pontificalium
822 1429 854 1488 in
868 1429 1009 1490 dioecesi.

149 1529 226 1588 Haec
239 1530 314 1585 sunt
322 1523 462 1600 insignia
473 1517 705 1602 Episcoporum
715 1526 844 1604 propria
861 1545 868 1585 :
885 1527 1007 1604 caligae‚
1022 1545 1094 1588 san-

109 1625 209 1701 dalia,
224 1641 300 1686 crux
316 1621 499 1702 pectoralis,
512 1621 673 1698 tunicella,
688 1623 868 1699 dalmatica,
887 1624 1092 1700 chirothecae,

110 1723 259 1797 annulus,
276 1721 383 1795 mitra,
400 1719 531 1779 baculus
548 1719 728 1798 pastoralis,
745 1721 886 1782 thronus.

151 1821 204 1880 III.
228 1820 313 1879 Inter
328 1815 487 1898 privilegio
505 1815 672 1894 Episcopis
698 1819 908 1879 acanonihus
932 1834 1092 1892 concessa,
1117 1890 1119 1894 .

111 1919 182 1979 haec
194 1917 356 1995 praecipua
376 1932 443 1976 esse
458 1914 627 1976 videntur:

151 2017 180 2074 l.
198 2015 333 2074 Possunt
347 2012 453 2074 diviua
474 2011 635 2073 celebrare
652 2012 716 2073 sive
733 2017 821 2073 extra
838 2013 1015 2074 Ecclesiam
1035 2029 1094 2090 ope

112 2111 218 2173 ¹altaris
233 2109 402 2190 portatilis,
420 2108 484 2169 sive
503 2108 587 2170 intra
610 2126 703 2170 suum
719 2109 896 2171 oratorium
923 2111 1091 2188 privatum,

116 2213 163 2276 vel
178 2211 273 2274 ctiam
285 2215 429 2288 tempore
448 2207 621 2270 interdicti.

155 2313 183 2372 E.
200 2295 449 2386 Suspensionem
460 2305 530 2382 jure
545 2305 642 2364 latam
663 2322 728 2364 non
752 2305 929 2381 incurrunt,
944 2306 1004 2367 nisi
1020 2305 1095 2385 Epi-

121 2407 206 2486 scopi
218 2421 364 2484 cxpressa
381 2403 503 2465 mentio
518 2403 586 2463 fiat.

157 2508 186 2566 3.
201 2507 347 2584 ipsorum
361 2517 481 2562 nomen
493 2499 526 2559 in
541 2514 663 2560 canone
676 2498 780 2560 Missae
789 2501 951 2575 recitatur,
964 2501 1094 2578 diesque

119 2605 187 2663 tum
211 2599 387 2674 electionis,
417 2603 486 2659 tum
511 2595 761 2658 consecrationis
790 2597 958 2675 quotannis
985 2596 1095 2656 recoli-

120 2704 172 2760 tur
184 2698 236 2778 (l).

474 2803 694 2860 ARTIGULUS
713 2806 742 2858 11

423 2953 456 2991 DE
474 2951 652 2992 induremus
667 2951 794 2992 uerseom.

157 3097 172 3160 ς
190 3096 216 3148 t.
229 3089 333 3146 Vicarii
346 3088 508 3159 generales.

158 3179 452 3252 §2.Chorepiscopi,
486 3177 592 3234 Vicarii
627 3175 761 3246 foranei,
791 3173 1043 3246 archipresbyteri
1073 3182 1100 3234 ct

30 3307 32 3394 5
127 3269 244 3328 bacam.
679 3267 686 3276 “

30 3401 32 3455 3
160 3364 174 3426 ᾗ
190 3360 218 3415 3.
230 3358 374 3414 Parochus
384 3357 415 3412 et
427 3355 533 3413 Vicarii
547 3353 736 3426 parochiales.

156 3500 190 3562 (t)
209 3498 376 3559 Thomassin.,
393 3499 468 3548 Vetus
482 3499 507 3546 et
520 3497 591 3548 Noua
605 3494 722 3546 Ecclesiae
737 3493 884 3558 disciplina,
898 3507 956 3555 pars
969 3494 990 3556 1,
1002 3495 1048 3545 lib.
1065 3493 1100 3543 ll.

130 3607 156 3616 -
166 3581 314 3632 Benedictus
329 3575 543 3642 XIV,deSynodo
556 3576 706 3639 diocesano,
716 3576 761 3628 lib.
780 3577 813 3638 ll,
829 3589 883 3637 cap.
899 3587 935 3626 vr.

248 3678 271 3722 1.
948 3669 981 3716 17
