2588 4272
239 297 300 364 tlt
412 297 569 346 uxr0s1r10
587 295 767 344 uuruomcl
786 293 869 345 runis
889 298 1046 347 cudentur.

288 417 412 482 Sensim
428 417 559 497 quidem
572 418 606 479 in
621 417 763 498 regiones
777 418 940 498 ipsamque
953 418 1075 480 Italiam
1084 417 1216 480 invecta

243 517 389 592 suntsed
404 516 520 577 anullo
533 516 687 578 Pontifice
703 519 878 579 solemnem
885 516 1090 579 obtinuerunt
1103 533 1217 596 appro-

243 615 417 677 bulionem.

282 713 389 790 Aliqui
406 713 532 774 luerunt
556 711 610 791 qui
632 713 862 774 contenderent
876 713 1035 775 Romanos
1050 712 1216 775 Pontifices

242 812 282 872 ad
307 810 469 890 publicam
498 827 607 871 earum
631 810 933 872 condemnationem
958 810 1071 872 teneri.
1100 812 1216 873 Verum

240 908 394 990 praeteriti
407 907 561 987 temporis
576 924 698 968 errores
716 908 874 986 detegere,
898 910 1086 988 fraudesque
1101 908 1218 987 patela-

240 1022 323 1082 cere,
353 1003 494 1066 scientiae
519 1021 584 1066 non
606 1002 931 1082 legislatoris'munus
957 1011 1024 1080 est;
1053 1023 1115 1067 nec
1139 1006 1216 1066 ullus

242 1106 391 1167 Sanctam
413 1102 530 1164 Sedem
544 1101 577 1161 in
596 1101 656 1162 bac
677 1119 713 1163 re
735 1102 908 1176 accusabit,
929 1102 954 1162 si
969 1103 1040 1164 illos
1062 1103 1151 1181 ipsos
1165 1102 1216 1180 qui

240 1199 511 1270 accuratissimam
530 1198 673 1260 criticam
694 1199 728 1260 in
752 1199 964 1278 descriptione
987 1201 1139 1262 falsarum
1161 1201 1214 1262 de-

242 1297 409 1361 cretalium
435 1295 661 1370 adhibuerunt,
688 1295 745 1356 sub
777 1297 968 1359 Pontificum
998 1299 1100 1360 oculis
1127 1315 1215 1360 suum

253 1393 473 1475 opusedidisse
489 1392 760 1454 animadverterit.

280 1495 332 1556 111.
349 1491 533 1555 Collectionis
542 1497 646 1552 auctor
656 1489 718 1570 fuit
729 1489 836 1571 aliquis
848 1489 1112 1555 Gallo-Germanos
1125 1491 1178 1576 (l).

279 1591 405 1652 Etenim
418 1593 445 1652 l.
458 1590 575 1650 Omnes
586 1589 640 1668 qui
650 1589 842 1651 extautnoni
850 1591 958 1652 saeculi
967 1591 1095 1654 codices
1103 1591 1137 1652 in
1147 1591 1216 1653 Gal-

240 1689 284 1750 lia
293 1689 403 1768 scripti
416 1694 499 1765 sunt,
514 1693 550 1750 ut
562 1692 650 1766 patet
668 1705 705 1748 ex
722 1689 958 1751 characteribus
971 1694 1002 1751 et
1014 1689 1195 1751 idiotismis.

278 1790 308 1848 2.
323 1789 394 1848 Istae
410 1786 583 1848 decretales
605 1784 744 1864 primum
765 1786 903 1848 citantur
924 1804 942 1847 a
961 1787 1171 1865 scriptoribus
1185 1787 1215 1847 in

239 1884 385 1947 orientali
399 1885 595 1944 Francorum
609 1882 761 1960 imperio.

277 1985 307 2044 3.
332 1983 406 2042 Haec
430 1979 577 2042 collectio
592 1980 734 2043 continet
750 1980 899 2060 epistolas
920 1998 938 2042 a
960 1981 1127 2045 Boniiacio
1149 1983 1215 2045 Mo·

238 2079 382 2159 guntino,
398 2079 447 2140 vel
462 2077 502 2138 ab
517 2077 586 2140 aliis
605 2079 644 2138 ad
662 2077 768 2157 ipsum
783 2078 926 2158 scriptas,
945 2097 1015 2158 quae
1034 2079 1163 2142 nonnisi
1184 2080 1215 2139 in

240 2175 405 2238 Germania
418 2173 642 2237 noscebantur.

275 2277 305 2336 l.
336 2274 504 2354 Hispanica
528 2273 677 2336 collectio
705 2291 776 2352 quae
800 2273 839 2334 ad
862 2273 956 2336 istam
982 2274 1214 2338 conficiendam

236 2372 379 2434 adbibita
393 2373 462 2448 fuit,
479 2389 544 2433 non
561 2389 599 2432 ex
613 2371 695 2433 veris
709 2377 741 2434 et
755 2371 940 2450 hispanicis,
957 2373 1012 2435 sed
1034 2391 1073 2435 ex
1094 2374 1212 2453 gallicis

237 2469 402 2533 codicibus
421 2471 588 2549 desumpta
605 2474 663 2531 est.

276 2570 359 2648 Ergo
373 2569 450 2648 ipsae
465 2567 610 2646 regiones
623 2565 783 2645 inquibus
796 2566 837 2628 cb
855 2567 947 2630 falsas
963 2567 1138 2632 decretales
1150 2573 1212 2632 tam

236 2667 441 2730 vehementer
473 2669 584 2726 contra
605 2664 752 2725 Sanctam
784 2665 900 2726 Sedem
926 2665 1128 2728 clamitatum
1157 2671 1211 2741 est,

235 2771 398 2828 auctorem
421 2764 608 2842 imposturae
630 2759 689 2822 sibi
715 2760 886 2824 vindicant.

277 2863 351 2936 Quis
372 2861 467 2924 luerit
489 2861 549 2922 iste
572 2860 711 2920 auctori
734 2859 842 2921 Critici
865 2861 1037 2940 quemdam
1058 2862 1211 2925 clericum

236 2961 497 3024 Suessioneusem
511 2959 560 3020 vel
574 2955 798 3036 Moguntinum
812 2959 1022 3038 suspicantur.

518 3185 520 3189 ¹
590 3158 811 3218 ARTICULUS
829 3159 858 3217 11

455 3309 594 3354 tumultun
611 3310 796 3352 buccacanum
817 3310 988 3356 cumcuma.

269 3445 285 3514 ἓ
300 3449 324 3503 Ι.
338 3443 444 3502 Earum
459 3443 613 3502 auctoritas
625 3443 797 3504 intrinseca.

269 3538 324 3602 52.
337 3534 457 3590 Illarum
469 3533 596 3589 influxus
607 3534 639 3588 in
658 3534 855 3607 disciplinam.

264 3659 298 3723 lli
315 3660 401 3722 Bouix,
415 3659 452 3709 De
460 3658 592 3724 principiis
597 3659 669 3724 juris
683 3663 803 3728 canonici,
812 3675 872 3727 pars
886 3659 929 3726 Ill,
942 3673 998 3726 cap.
1010 3675 1038 3712 x.
