2620 4258
482 289 556 334 PARS
578 290 743 335 sedemus,
1050 293 1099 338 1173
1157 258 1161 267 Ι

117 425 194 470 vero
213 407 268 468 del
281 405 331 485 jus
347 405 388 465 ad
407 421 486 468 rem.
510 407 547 466 ln
569 404 692 468 caeteris
707 404 818 486 eadem
842 405 909 468 fere
922 408 1101 469 1511111115-

117 523 181 585 que
193 504 286 578 ratio,
302 503 461 582 siquidem
476 503 649 581 postulatio
668 507 715 564 est
728 503 887 581 pecufiare
902 520 999 582 genus
1017 507 1101 568 elec·

117 604 227 666 tionis.

320 733 436 793 Quusrro
452 736 486 782 2⁸.
497 732 573 780 -De
585 743 669 780 anseri
679 743 891 782 concinnamus.

158 888 364 952 Confirmatio
376 894 424 950 est
437 889 602 955 decretum
617 887 751 966 legitimi
771 892 804 950 et
817 887 1031 965 competentis
1045 905 1096 949 su·

117 987 264 1066 perionis,
289 1004 352 1063 quo
369 987 489 1048 electus
511 986 559 1048 vel
580 984 763 1048 nominatus
777 983 932 1063 probatur
948 990 980 1047 et
991 991 1099 1064 pastor

116 1083 269 1146 Ecclesia
281 1083 420 1144 vacantis
433 1081 650 1143 constituitur.

161 1183 185 1242 Ι.
201 1180 280 1261 Ejus
303 1178 465 1240 necessitas.
482 1211 521 1226 -
534 1177 791 1242 confirmationis
816 1180 988 1242 necessitas
1007 1196 1045 1240 ex
1060 1197 1098 1243 co

116 1278 298 1351 deducitur,
324 1278 410 1355 quod
435 1277 518 1338 sicut
536 1277 776 1338 consecratione
801 1281 941 1354 potestas
962 1277 1096 1353 ordinis,

117 1377 163 1438 ita
178 1375 421 1437 confirmatione
434 1374 617 1452 jurisdictio
628 1374 801 1436 confertur.
813 1375 884 1435 lam
896 1391 970 1435 vero
986 1375 1098 1436 deiide

117 1479 177 1550 est,
194 1473 318 1554 eosqui
333 1473 551 1534 ecclesiastica
562 1477 595 1534 et
609 1472 764 1534 canonica
775 1477 931 1549 potestate
940 1489 1000 1534 nec
1015 1473 1100 1534 ordi·

114 1571 251 1634 natinec
265 1569 354 1630 missi
364 1575 449 1642 sunt,¹
461 1568 620 1645 legitimos
632 1569 794 1632 ministros
806 1587 872 1632 non
882 1586 950 1633 esse
963 1569 1095 1648 (Concil.
1158 1617 1161 1624 .

113 1669 220 1742 Tria,
237 1683 315 1728 sess.
331 1681 388 1738 xli,
405 1664 438 1726 de
452 1664 571 1740 Ordine,
586 1683 655 1726 can.
670 1665 713 1743 7).

156 1764 298 1838 Electus,
314 1763 460 1824 nondum
470 1763 686 1836 confirmatus,
700 1761 1011 1826 administrationem
1026 1763 1100 1824 dim·
1151 1823 1155 1830 ,

114 1861 197 1924 cesis
205 1861 294 1921 nullo
306 1860 400 1920 titulo
410 1859 570 1937 suscipere
579 1865 684 1938 potest
694 1859 828 1940 (concil.
838 1861 940 1938 Lugd.
951 1862 998 1936 ιι).
1011 1862 1098 1922 Hanc

116 1957 335 2038 gravissimam
363 1957 467 2034 legem
493 1957 695 2019 offenderunt
715 1956 875 2036 principes
893 1957 948 2034 qui
962 1975 990 2020 v.
1008 1975 1038 2034 g.
1064 1957 1098 2018 in

114 2054 216 2118 Gallia
231 2053 332 2134 (1681,
348 2052 437 2132 1810)
450 2058 481 2114 11
499 2053 648 2131 Hispania
664 2055 765 2132 (1811)
786 2053 819 2114 in
830 2054 974 2132 regimen
987 2057 1099 2117 Eccle·
1179 2130 1180 2134 Ἰ

115 2153 245 2226 siarum,
264 2151 320 2212 sub
341 2150 433 2224 titulo
452 2149 644 2212 vicariorum
664 2151 899 2230 capitularium,
922 2152 1097 2232 Episcopus

114 2250 297 2312 nominatos
324 2247 469 2324 ingerere
496 2247 704 2321 conabantur,
722 2249 837 2326 quibus
861 2251 978 2312 Sancta
1000 2252 1098 2312 Sedes

114 2347 350 2409 institutionem
364 2344 551 2422 denegabat.
567 2345 666 2414 Quam
681 2344 893 2406 intrusionem
908 2348 1024 2410 merito
1037 2348 1099 2408 im·

115 2443 294 2524 probarunt
310 2442 434 2516 Summi
455 2441 645 2514 Pontifices;
663 2441 782 2502 etenim
805 2443 890 2504 frans
909 2445 971 2522 legi
995 2447 1094 2518 deret,

116 2537 307 2604 connivente
322 2539 474 2618 capitula,
492 2539 517 2600 si
538 2537 720 2600 nominatus
735 2539 773 2602 ad
790 2539 1018 2618 Episcopatum
1040 2541 1099 2602 eli·

113 2645 243 2716 geretur
257 2639 291 2703 in
306 2637 460 2699 vicarium
475 2636 695 2714 capitularem.

155 2738 201 2798 ll.
217 2735 271 2796 Jus
283 2743 365 2796 oetas
375 2742 404 2796 et
412 2753 520 2812 nonum
534 2731 569 2795 de
580 2733 730 2814 superiore
742 2732 945 2814 confirmante.

154 2833 274 2894 Defide
286 2837 334 2894 est
347 2831 534 2910 Episcopos,
558 2831 613 2909 qui
629 2827 818 2893 auctoritate
843 2831 978 2892 Romani
993 2831 1102 2894 Ponti·

112 2931 185 2992 ficis
214 2935 432 3003 assumuntur,
464 2945 532 2990 esse
570 2928 741 3008 legitimos
757 2928 866 3008 (donc
901 2931 1007 3004 Trid,
1040 2947 1101 2992 ses·

13 3087 14 3102 ,
114 3029 306 3104 sionexxni,
323 3027 448 3106 11118).
464 3027 613 3106 lgiturad
635 3027 809 3111 primatum
822 3034 946 3107 spectat
958 3032 1100 3134 potestas

114 3126 330 3188 confirmandi
348 3125 535 3204 Episcopos.

155 3224 206 3284 Ad
222 3223 345 3301 praxim
371 3222 523 3283 Ecclesia
541 3222 629 3301 quod
644 3221 768 3295 attinet,
783 3221 912 3282 olimR.
929 3176 1101 3285 Pontifices

14 3307 15 3380 ]
112 3339 180 3382 non
208 3337 336 3398 semper
356 3318 544 3380 immediate
574 3317 762 3382 exercebant
788 3317 869 3381 banc
897 3324 1035 3398 potestat
1036 3336 1099 3382 em.

111 3418 194 3496 Ipsis
225 3417 482 3491 assentientibus,
504 3433 522 3476 a
545 3415 708 3502 superiore
728 3414 931 3494 immediato,
954 3435 1101 3498 nempea

109 3515 330 3594 Metropolita,
350 3513 501 3593 Episcopi
518 3512 800 3575 confirmabantur.
853 3581 857 3586 ,

153 3615 287 3690 Verum,
305 3631 380 3676 cum
402 3611 567 3674 electionis
580 3611 663 3692 Jure,
682 3612 721 3672 ad
743 3613 902 3705 Romanos
929 3615 1100 3692 Pontifices
