2588 4272
447 253 520 298 PARS
544 253 724 300 cnnnnatlsa
1018 251 1069 298 let

134 370 386 448 llxtrevagantes,
402 371 546 450 quamvis
564 388 629 432 non
649 371 893 450 constet·ipsam
907 369 1072 432 collectio-

99 483 193 526 nema
210 467 350 528 Summis
365 468 568 529 Pontificibus
583 471 814 548 promulgatam
838 484 915 543 esse,
938 467 1071 545 singulae

99 571 163 626 sunt
177 566 263 644 leges
276 566 479 630 authenticae

132 664 207 724 Tres
229 665 291 725 salt
278 669 343 724 tem
368 665 492 726 collect
471 671 584 738 ttonoS,
607 681 725 740 nempe
749 614 928 725 Decretules
956 665 1071 740 Grego-

100 761 131 820 ιιι
124 761 194 835 IX,
206 762 318 822 Sextus
330 763 553 835 Decretalium,
568 761 785 835 Clementem,
799 778 873 822 cum
884 761 1072 822 auctoritate
1117 809 1121 820 .

98 859 255 936 pontificia
274 859 399 920 donatae
420 860 550 934 luerint,
575 877 645 920 eam
664 858 854 920 retinentia
879 858 927 930 iic,
955 858 1070 938 quibus
1149 911 1152 917 ,
1211 879 1212 884 ’

99 956 269 1018 Concilium
292 957 514 1017 Tridentinum
532 958 583 1018 vel
602 975 691 1018 nova
713 957 903 1018 Pontificum
920 956 1072 1018 constitu-

98 1053 205 1126 tiones,
220 1053 271 1114 sel
285 1054 491 1129 concordata,
515 1055 562 1114 vel
581 1053 732 1132 legitima
747 1052 994 1114 consuetudines
1008 1069 1073 1114 non

101 1150 258 1230 derogant.
322 1185 324 1192 >

136 1247 260 1325 Igitur
249 1267 301 1327 Jus
325 1248 576 1309 ecclesiasticum
596 1248 809 1310 Decretalium
829 1247 968 1308 manet'
960 1265 993 1308 ιιι
1016 1264 1073 1308 sua

99 1347 303 1422 possessione,
322 1353 353 1407 et
363 1347 437 1420 rllm,
449 1347 502 1424 qui
510 1347 561 1425 jus
576 1353 646 1424 part
634 1347 764 1407 ticulare
783 1346 978 1408 contrarium
993 1362 1073 1423 pree-

98 1444 240 1517 tendunt‚
257 1436 415 1504 incumbit
431 1445 509 1504 ontis
522 1444 689 1521 probandi.

133 1543 185 1602 lll.
199 1541 348 1616 Robricoe,
358 1541 539 1617 Summotis,
552 1540 660 1604 Glossoe
673 1543 705 1602 in
718 1545 857 1620 (torpore
867 1541 949 1620 Juris
962 1557 1073 1602 occur·

98 1646 176 1714 runt,
190 1646 307 1718 praeter
322 1658 472 1701 canones

138 1759 151 1794 ιι
161 1738 300 1799 Hebraeae
313 1745 386 1800 sunt
399 1740 566 1800 titulorum
579 1737 813 1816 inscriptiones,
831 1737 928 1797 ducto
940 1737 1072 1816 nomine

97 1833 239 1895 alitteris
254 1835 370 1910 rubris,
388 1835 503 1912 quibus
523 1835 600 1896 olim
616 1833 846 1896 scribebantur.
867 1834 1072 1914 Distinguen-
1109 1884 1111 1888 ,

98 1929 226 1991 domest
237 1932 320 1993 inter
333 1933 485 1994 Rubrioas
496 1934 621 1994 Decreti
635 1939 666 1993 et
678 1933 910 1994 Decretalium:
925 1933 1071 1994 Rubricae

96 2027 192 2088 titulis
203 2031 327 2092 Decreti
341 2033 479 2110 praefixae
491 2032 712 2094 auctoritatem
723 2049 788 2092 non
803 2031 931 2108 habent,
943 2049 1020 2092 nam
1032 2030 1072 2092 ab

97 2131 222 2187 auctore
238 2128 362 2206 privato
378 2130 532 2190 conlectae
548 2137 630 2190 sunt.

132 2225 279 2286 Rubricae
301 2228 514 2288 Decretalium
536 2229 659 2290 utiliter
679 2229 854 2306 allegantur
864 2249 876 2303 3·
895 2229 1014 2290 etenim
1029 2229 1074 2289 le-

95 2321 223 2398 gislator
236 2325 306 2385 illas
321 2327 530 2387 confirmavit.
547 2328 670 2404 Duplex
683 2331 731 2386 est
744 2343 852 2387 earum
866 2345 964 2405 genus
982 2325 1072 2388 :alim

93 2421 257 2483 continent
280 2423 457 2484 orationem
475 2424 661 2502 perfectam,
677 2442 704 2484 v.
723 2443 751 2503 g.
774 2445 787 2479 ιι
801 2441 840 2484 ne
854 2425 929 2484 sede
942 2428 1072 2484 vacante

93 2517 214 2595 aliquid
235 2519 404 2580 innovetur
423 2541 455 2596 ις
479 2521 555 2598 ipsis
573 2521 727 2604 competit
748 2521 794 2580 vis
812 2522 930 2598 legum,
954 2521 988 2580 id
1011 2525 1070 2595 est,

92 2614 269 2691 allegantur
287 2616 463 2696 dispositive,
479 2635 552 2679 cum
567 2617 758 2697 legislatoris
772 2619 967 2679 voluntatem
984 2617 1074 2677 exbi-

92 2710 201 2772 beant.
218 2713 296 2774 Aliae
309 2716 485 2792 perfectum
495 2731 623 2776 sensum
633 2733 698 2775 non
711 2714 840 2787 babent,
858 2721 889 2774 et
900 2713 980 2773 nibil
994 2731 1073 2791 prae-

94 2812 221 2888 cipiunt
235 2819 289 2873 aut
304 2819 420 2885 vetant,
435 2833 464 2873 v.
485 2832 514 2892 g.
536 2835 549 2870 ιι
563 2814 603 2874 de
619 2812 899 2875 constitutionibus
913 2832 946 2886 »3
963 2817 1071 2871 tamen

93 2908 224 2986 allegari
253 2917 385 2986 possunt
406 2895 592 2984 ιιιοιαιοιιοι,
604 2987 606 2990 ἱ
618 2915 778 2988 quatenus
792 2909 951 2986 explicant
976 2908 1072 2968 verba

88 3006 243 3082 canonis;
267 3025 295 3068 v
317 3027 347 3086 g.
371 3007 538 3068 rubricis'
531 3013 621 3067 mnot
623 3011 734 3067 escunt
754 3012 855 3066 rcset
873 3023 1016 3084 personae
1033 3005 1073 3067 de

88 3103 209 3182 quibus
220 3105 351 3166 intentu
364 3121 468 3166 sermo
484 3112 574 3166 es
558 3103 747 3183 ιι(ι,ΜοιιΙιο
725 3104 913 3165 loco
850 3108 927 3164 οι
928 3102 972 3180 o.)

132 3223 149 3258 ιι
170 3201 341 3262 Summorrb
358 3211 429 3265 sunt
443 3205 552 3264 breves
567 3203 629 3262 illae
646 3201 782 3278 periodi,
804 3201 920 3278 quibus
936 3218 1073 3262 canones

90 3302 279 3360 summatim
294 3302 491 3378 rediguntur,
510 3315 684 3376 eorumque
699 3297 863 3358 sententiae
877 3297 935 3358 sub
950 3315 1013 3359 uno
1025 3315 1074 3359 as-

85 3405 191 3474 pectu
209 3405 422 3476 exponuntur.
452 3401 527 3458 llaec
551 3395 733 3468 summaria,
758 3412 846 3455 mere
871 3397 1070 3470 doctrinalia,
1117 3383 1122 3393 ’

86 3493 283 3557 auctoritate
299 3496 376 3574 legis
391 3497 616 3568 destituuntur,
635 3495 673 3554 eo
688 3493 773 3572 quod
793 3494 954 3570 aprivatis
972 3493 1073 3571 scrip-

84 3593 216 3654 toribus
244 3594 353 3655 addita
379 3595 517 3656 luerunt.
555 3597 703 3654 Attamen
733 3591 766 3652 in
803 3591 942 3653 maximo
967 3591 1071 3669 pretio
