2604 4270
221 211 253 258 i!
376 205 533 252 EXPOSITIO
554 207 731 252 Memnonios
751 207 834 252 sums
855 204 1011 250 canoulcl.

218 324 396 388 Tridentini
413 325 562 404 legesque
576 328 685 402 postea
708 322 843 383 sancitas
864 320 1099 400 complectitur.
1118 323 1197 383 Haec

217 425 331 486 ultima
347 422 510 484 distinctio
529 421 656 483 nonnisi
679 421 712 482 in
730 420 814 481 huno
836 421 933 480 linem
950 419 1141 496 admittitur,
1160 426 1198 482 ut

217 521 379 584 historice
398 520 479 600 Juris
501 519 647 580 canonici
664 518 895 580 vicissitudines
914 517 1135 594 aliquomodo
1151 518 1197 579 si-

217 619 415 698 gnificentur.

355 785 369 847 5
387 783 412 834 ³.
426 811 457 820 -
474 781 524 834 ius
536 783 700 835 canonicum
716 783 853 846 quatenus
868 781 911 832 est
926 777 1054 832 scientia.
1104 769 1108 782 “

255 920 276 974 l.
291 917 436 974 Definitio.

255 1009 290 1063 ll.
304 1007 411 1077 Scopus
422 1005 550 1062 scientiae
566 1006 722 1062 canonicas.

254 1098 300 1152 lll.
316 1095 475 1152 Discrimen
490 1095 566 1152 inter
580 1096 628 1150 Jus
642 1093 815 1152 canonicum
827 1095 856 1149 el
869 1091 1068 1162 Theologiom.

255 1184 299 1238 lV.
312 1183 424 1240 Utilitas
438 1188 467 1240 et
479 1183 633 1240 necessitas
646 1184 721 1240 iuris
735 1181 876 1238 canonici.
948 1242 953 1252 .

445 1349 467 1406 1..
486 1376 516 1387 -
529 1349 646 1399 Definitio
655 1349 767 1402 scientiae
778 1350 904 1399 canonice
920 1350 966 1412 (ll.

258 1490 281 1550 l.
301 1490 357 1551 Jns
370 1491 568 1565 canonicum,
587 1491 757 1568 subjective
772 1491 1018 1564 consideratum,
1040 1492 1087 1549 est
1100 1486 1199 1548 disei-

219 1587 305 1666 plina
328 1588 484 1665 specialis,
507 1606 579 1667 quse
600 1589 706 1668 ajure
730 1587 885 1668 objective
909 1591 1062 1666 spectato,
1082 1601 1139 1646 seu
1158 1583 1199 1644 ab

218 1681 288 1760 ipso
307 1687 475 1763 complexu
493 1688 609 1763 legum,
634 1687 739 1748 differt
761 1687 874 1748 eodem
896 1683 1092 1756 discrimine,
1110 1682 1196 1761 quod

219 1780 302 1841 inter
319 1782 507 1860 religionem
521 1789 553 1845 et
566 1784 728 1862 religionis
741 1784 906 1844 scientiam
924 1779 1106 1844 intercedit.

259 1879 433 1957 Disciplina
446 1887 563 1956 nostra,
581 1899 652 1958 quae
669 1886 809 1943 versatur
824 1881 857 1941 in
875 1879 1069 1960 explicandis
1085 1878 1199 1938 Eccle-

223 1975 277 2036 siae
288 1977 412 2054 Juribus
427 1984 459 2038 et
474 1977 596 2058 legibus
608 1978 723 2056 quibus
740 1979 935 2056 regelantur,
947 1983 995 2038 est
1007 1994 1081 2037 vera
1095 1975 1199 2036 soien-

221 2071 275 2147 tia,
296 2091 370 2133 nam
392 2080 516 2136 constat
537 2074 703 2153 principiis
726 2079 757 2136 et
783 2073 1052 2136 conclusionibus.
1069 2072 1198 2134 Etenim

221 2171 251 2232 ei
269 2178 386 2249 praesto
403 2179 476 2234 sunt
492 2173 639 2234 veritates
663 2173 822 2234 naturales
849 2177 881 2233 et
901 2170 1066 2233 catholicae
1082 2168 1200 2247 quibus

220 2285 357 2336 canones
382 2268 577 2343 innituntur;
603 2286 642 2330 ex
662 2269 725 2329 illis
746 2285 820 2330 vero
840 2267 1005 2347 principiis
1022 2266 1198 2327 scientifice

222 2349 402 2427 derivantur
414 2368 643 2429 conclusiones.
1115 2443 1117 2451 y

258 2465 412 2525 Definitur
429 2463 583 2525 :Scientia
596 2463 956 2548 legumecclesiosticarcm
973 2460 1115 2536 studiose,
1137 2468 1199 2521 sta-

220 2570 282 2621 tum
298 2561 431 2628 socialem
444 2561 587 2622 Ecclesiae
596 2560 766 2622 describens.
949 2567 951 2572 ’

245 2661 282 2722 ll.
295 2662 366 2738 Ipsa
377 2661 508 2722 scientia
516 2661 595 2740 juris
606 2661 750 2722 canonici
759 2657 1201 2740 distinguiturajcrisproden-

220 2757 261 2818 tio
282 2759 429 2818 canonico.
448 2759 606 2830 Quatenus
623 2759 730 2820 differt
750 2757 1044 2836 ajurisprudentia‚
1075 2756 1200 2818 deliniri

202 2861 343 2934 'potestz
360 2855 474 2916 eredita
486 2865 515 2916 et
529 2856 663 2916 ordinate
677 2855 801 2935 cognitio
824 2855 919 2935 legem
932 2849 1199 2917 ecclesiasticorum.

258 2953 514 3032 Jurisprudcntia
533 2954 687 3015 canonica
703 2953 835 3032 respicit
852 2953 985 3032 praxim,
1003 2960 1034 3014 et
1054 2955 1139 3031 leges
1159 2955 1200 3014 ad

219 3047 306 3113 casus
322 3052 526 3114 obvenientes
544 3051 693 3129 applicat.
713 3052 868 3113 Definitur
885 3071 891 3112 :
910 3051 1197 3132 ioditesproetices,

219 3165 275 3226 quo
286 3148 438 3224 mediante,
447 3149 520 3229 leges
529 3167 586 3208 non
597 3156 711 3208 tontum
722 3157 800 3209 recte
818 3147 1035 3229 intelliguntur,
1051 3147 1200 3210 sedetiam

219 3242 259 3303 ed
269 3244 394 3308 actiones
409 3246 554 3308 bominum
564 3245 709 3328 sapienter
722 3246 933 3328 applicentur(
954 3247 974 3326 ).

249 3394 280 3452 (1)
293 3393 414 3453 Masclrat,
434 3395 613 3458 Prolegomena
624 3396 698 3460 juris
710 3399 830 3458 canonici,
844 3398 897 3461 §2.
912 3425 942 3435 -
952 3396 1063 3457 Schulte,
1079 3395 1204 3446 Manuale

212 3471 283 3536 jarris
293 3471 464 3531 ecclesiastici,
474 3473 488 3534 ἓ
499 3479 523 3524 3.

247 3549 282 3614 (2)
291 3553 382 3614 sagita,
397 3552 566 3604 Institutiones
573 3555 647 3619 juris
657 3555 816 3606 ecelesiastici
826 3555 926 3619 publio,
942 3555 957 3618 ἓ
969 3559 995 3605 l.
