2620 4258
520 143 594 188 PARS
616 141 781 188 SPEGIAHS.
1086 145 1135 192 263

198 261 321 324 Dicitur
351 263 383 322 l⁰
408 260 566 342 ¹Aniistiias
595 259 783 322 ecclesiastici.
814 294 854 306 -
879 261 1029 342 Episcopi
1059 265 1145 326 nuri·¹

157 362 316 439 cupantur
355 357 451 420 etiam
484 357 646 439 principes,
680 356 821 440 praesules
851 358 972 420 ratione
1017 361 1139 423 stabilis

158 456 401 542 magistraiurae'
414 470 511 534 quam
532 459 666 534 gerunt3
691 453 854 536 pontifices,
877 455 985 516 summi
1003 458 1139 526 sacerdo„-

157 565 201 616 tes
212 553 336 617 ratione
349 552 468 615 ordinis
482 569 546 631 quo
554 552 749 632 presbyteris
759 551 964 630 praecellunt;
977 553 1136 632 diecesani,

158 650 315 724 ordinarii,
332 658 467 731 pastores
486 650 609 711 ratione
631 649 784 711 Ecclesiae
805 665 859 711 seu
880 649 1025 714 dioecesis
1044 671 1139 733 quam

156 754 271 830 regunt
287 766 418 810 munera
434 747 595 810 ordinario
611 752 643 809 et
653 764 725 810 vere
740 748 900 826 pastorali.
1222 745 1224 750 '

199 861 254 922 llis
266 859 449 921 nominibus
464 859 580 920 merito
594 863 764 933 vocantur3
782 859 901 919 etenim
914 859 1092 940 prinoipem
1105 863 1138 922 in

155 958 300 1020 Ecclesia
329 959 437 1019 locum
464 961 586 1019 tenant.
612 957 758 1018 Declarat
782 956 967 1018 Tridentino
994 960 1137 1037 Synodus

158 1079 176 1116 a
198 1057 382 1137 Episcopus,
403 1055 457 1134 qui
478 1056 512 1116 in
530 1055 757 1132 Apostolorum
773 1055 881 1116 locu-m
903 1064 1135 1133 successerunt,

156 1155 197 1214 ad
209 1152 442 1216 hierarchicum
455 1153 602 1214 ordinem
614 1153 776 1232 praecipue
789 1152 957 1231 pertinere,
975 1159 1007 1215 et
1017 1155 1137 1233 positos

155 1267 174 1310 a
187 1249 307 1328 Spiritu
321 1251 437 1312 Sancto
452 1265 560 1328 regere
575 1249 752 1311 Ecclesiam
764 1249 832 1324 Dei,
846 1267 962 1328 eosque
975 1251 1137 1331 presbyte-

153 1347 197 1408 ris
207 1348 388 1427 superiores
399 1365 467 1408 esse
481 1347 531 1425 (l).
546 1369 560 1405 u

195 1457 319 1518 Dicitur
334 1461 365 1517 2⁰
380 1455 546 1518 Sacerdoti
552 1456 764 1536 plenitudinem
778 1456 946 1517 obtinentes.
960 1489 1001 1502 -
1014 1458 1137 1535 Duplex

154 1554 365 1632 distinguitur
379 1554 605 1628 sacerdotium,
625 1555 710 1614 aliud
729 1554 862 1615 inlerius
882 1557 967 1632 quod
983 1555 1138 1637 presbyte-

155 1659 242 1711 ratus
257 1652 449 1729 appellatur;
468 1651 555 1712 alind
569 1667 644 1713 vero
667 1651 751 1730 quod
773 1652 892 1731 passim
910 1659 1042 1714 vocatur
1059 1673 1137 1715 sum·

72 1811 79 1826 ,
157 1767 239 1808 mum
250 1748 455 1823 sacerdotium,
473 1754 505 1810 et
518 1749 581 1811 hoc
597 1753 645 1811 est
659 1749 877 1828 Episcopatus.
900 1750 1136 1832 Presbyteratus

156 1850 205 1907 est
237 1847 317 1907 ordo
345 1864 409 1924 quo
438 1845 592 1907 tribuitur
616 1851 769 1926 potestas
787 1848 994 1908 consecrandi
1022 1866 1136 1928 corpus
1195 1905 1196 1908 ,

156 1943 282 2019 Christi,
299 1948 330 2005 et
344 1942 489 2022 aptitudo
503 1943 542 2002 ad
562 1943 755 2004 remittenda
769 1949 912 2022 peccata.
926 1944 1135 2024 Episcopatus

156 2045 261 2102 nutem
275 2047 322 2103 esi
336 2041 416 2104 ordo
430 2057 597 2119 supremus
610 2059 674 2119 quo
689 2042 782 2102 datur
794 2041 981 2122 presbytero
994 2048 1133 2122 potestas

155 2139 325 2200 ordinandi
346 2157 382 2200 ac
402 2139 624 2213 confirmandi,
649 2143 681 2200 et
704 2139 874 2200 destinatio
897 2141 936 2200 ad
958 2142 1134 2219 regendum

148 2238 329 2300 Ecclesiam
343 2237 403 2316 ipsi
416 2235 691 2298 committendam.

195 2348 319 2410 Dicitur
333 2349 364 2408 3⁰
390 2346 427 2406 In
448 2345 541 2406 lacum
558 2343 764 2425 Apostolorum
784 2345 939 2406 succedunt
951 2347 988 2426 in
1003 2367 1131 2427 genere,

151 2462 218 2507 non
238 2463 314 2507 vero
339 2444 454 2523 singuli
473 2445 506 2503 in
523 2443 680 2520 integram
705 2444 908 2520 Apostolatus
931 2451 1133 2522 potestatem.

151 2543 310 2622 Equidem
322 2560 437 2619 corpus
450 2541 631 2621 episcopale
644 2540 779 2619 collegio
791 2541 967 2619 apostolico
978 2543 1131 2618 succedit,

151 2658 228 2703 cum
248 2640 399 2720 Episcopi
416 2640 510 2700 simul
535 2655 608 2701 oum
629 2639 763 2700 Summo
783 2639 936 2699 Pontifice
958 2640 1135 2702 Ecclesiam

149 2744 316 2819 regentem
332 2738 485 2813 efficiunt,
495 2738 578 2798 sicut
586 2737 758 2816 collegium
769 2735 981 2815 apostolicum
996 2737 1088 2798 Petro
1104 2745 1136 2800 et

148 2836 312 2914 Apostolis
324 2837 409 2897 velut
424 2835 529 2914 capita
544 2840 576 2897 et
589 2834 742 2896 membris
762 2833 924 2896 coalescit.
945 2836 1065 2896 Verum
1081 2835 1134 2896 ali-

150 2941 203 2996 ter
221 2933 393 2995 dicendum
412 2937 460 2994 esi
483 2933 523 2995 de
547 2932 679 3012 singulis
700 2932 877 3012 Episcopis,
899 2933 954 3012 qui
972 2934 1133 3012 Apostolis

149 3033 330 3094 succedunt
356 3035 509 3108 quatenus
538 3031 765 3108 Apostolorum
790 3030 968 3110 episcopatus
990 3031 1030 3090 ad
1054 3031 1133 3093 alios

148 3133 344 3210 propagatus
365 3133 413 3189 est
432 3128 484 3207 (Ξ).
505 3128 632 3190 Etenim
650 3129 806 3208 Apostoli,
827 3133 945 3206 praeter
961 3128 1132 3208 singularia

146 3229 245 3301 dona,
263 3245 291 3289 v.
316 3245 347 3306 g.
366 3225 605 3300 miraculorum,
627 3225 876 3299 infallibilitaiis,
897 3226 1131 3305 'amplissimam

182 3412 213 3472 (1)
227 3410 366 3461 Concilium
380 3409 564 3472 tridentinum,
576 3422 637 3460 sess.
650 3407 737 3470 Xlllll,
754 3421 811 3472 cap.
827 3423 860 3459 rv.

184 3491 218 3552 (2)
228 3491 360 3555 Zallingcr,
371 3492 417 3541 lns
431 3490 627 3542 ecclesiasticum
635 3489 773 3555 publicum,
785 3503 839 3553 cap.
857 3502 891 3540 rr.
