2626 4258
465 327 540 374 PARS
563 327 725 376 saucians,
1029 325 1082 373 853

148 446 245 526 Igitur
260 446 521 526 congregationes
535 433 770 526 agunt'semper
788 463 863 528 curn
876 443 961 506 illius
975 447 1085 507 aueto-

113 545 199 608 ritate
214 551 247 607 et
255 562 423 608 consensu.

147 645 188 708 II.
217 646 253 706 In
278 642 577 726 congregationibus
600 644 703 706 elucet
717 641 843 722 dipnilus
867 639 1082 717 cardinalium,

113 744 160 824 qui
175 743 262 822 prius
275 743 463 806 Pontificem
475 743 523 804 vel
536 741 676 804 consiliis
690 747 812 803 tantum
824 741 1024 820 adjuvabant,
1036 740 1085 800 vel

112 841 376 920 repraesentabant
400 841 433 901 in
452 839 673 920 legationibus.
706 838 795 900 Nunc
814 856 888 900 vero
901 819 1083 920 'potestatem

111 939 290 1002 ordinariam
307 944 455 1006 exercent
474 957 533 1020 per
550 939 684 1000 modum
707 937 900 1000 tribunalium
910 955 1084 1018 perniuncu-

112 1039 208 1102 tium:
997 1021 998 1026 ἵ

147 1137 303 1200 Nimirum
319 1140 348 1199 l.
364 1137 629 1217 congregationes
643 1137 824 1199 examinant
835 1151 926 1199 casus
938 1133 1085 1196 Pontifici

109 1241 289 1310 reservatos,
302 1236 446 1316 judicant
458 1235 525 1298 sine
536 1235 761 1316 appellatione,
777 1235 939 1312 eduntque
956 1239 1084 1294 senten-

107 1335 367 1416 tiaspontidcias.
402 1351 405 1360 ⁴

143 1439 173 1498 2.
191 1418 308 1498 Earum
323 1436 462 1512 potestas
482 1451 500 1495 a
520 1434 589 1512 lege
602 1433 775 1510 confertur,
794 1436 825 1495 et
847 1429 1030 1494 extenditur
1044 1431 1084 1494 ad

109 1532 343 1594 universitatem
360 1549 525 1593 causarum
539 1533 703 1594 similium.

147 1635 176 1695 3.
196 1633 272 1692 Haec
284 1635 423 1710 potestas
443 1637 622 1710 perseverat
634 1635 764 1694 vacante
779 1631 870 1707 Sede,
884 1629 1036 1709 quamvis,
1051 1632 1088 1690 ut

110 1729 223 1792 electio
237 1729 400 1790 Pontiflois
413 1729 559 1790 celeriter
574 1731 637 1803 liat,
654 1735 732 1792 tunc
751 1747 814 1790 non
829 1733 1012 1790 exerceatur
1024 1727 1103 1788 nisi‘
1159 1788 1162 1800 ,

108 1833 218 1906 urgeat
233 1827 421 1902 necessitas3
439 1829 514 1890 dum
526 1827 707 1906 jurisdictio
728 1827 846 1890 Vioarii
861 1826 1014 1908 generalis
1028 1842 1087 1904 per
1189 1906 1191 1910 Α

108 1924 256 2006 Episcopi
271 1931 407 1987 mortem
421 1925 552 2004 expirat.

146 2024 423 2098 Quemadmodum
448 2025 495 2086 sol
520 2041 585 2085 non
611 2028 735 2087 tantum
758 2025 826 2105 ipse
854 2027 951 2100 lucet,
975 2039 1086 2086 verum

111 2123 207 2186 etiam
223 2123 413 2203 quibusdam
432 2123 530 2184 stellis
550 2124 657 2185 himen
673 2125 863 2204 impertitur,
887 2141 951 2204 quo
971 2123 1088 2185 oculum

111 2227 226 2284 ornant
238 2226 269 2282 et
285 2220 466 2282 illuminant
478 2221 601 2296 orbem,
617 2223 663 2284 siu
677 2225 714 2284 R.
740 2223 882 2284 Pontifex
896 2239 967 2306 'non
984 2223 1088 2283 solum

108 2319 286 2382 Ecclesiam
307 2337 365 2398 per
385 2335 418 2379 se
434 2319 630 2395 moderatur,
646 2321 701 2380 sed
718 2321 897 2382 cardinales
919 2319 960 2382 ita
982 2324 1089 2398 potes-

109 2423 175 2480 tate
194 2423 289 2496 auget
305 2423 338 2478 ut
352 2415 478 2478 sociatis
498 2415 658 2478 laboribus
675 2433 785 2478 omnes
808 2416 1011 2478 dillicultates
1026 2417 1089 2476 sol-

109 2520 233 2578 vantur.

153 2613 205 2674 lll.
222 2611 267 2671 Ex
289 2608 493 2670 distributione
509 2609 691 2690 negotiorum
705 2611 788 2673 inter
803 2611 941 2672 diversas
955 2627 1091 2688 congre-

110 2709 255 2790 gationes
270 2707 407 2786 exsurgit
419 2707 532 2786 triplex
543 2707 661 2770 utilitas
674 2729 681 2770 :

155 2811 182 2870 l.
199 2807 324 2868 Fideles
334 2805 388 2885 qui
407 2822 445 2866 ex
459 2806 607 2868 omnibus
624 2809 735 2870 mundi
748 2807 890 2888 partibus
905 2807 944 2867 ed
959 2810 1092 2887 Aposto

109 2907 209 2968 licam
236 2905 363 2976 sedem,
386 2904 432 2964 rel
453 2905 562 2966 salutis
586 2906 702 2978 studi0,
726 2908 774 2967 vel
786 2906 866 2986 juris
882 2899 1092 2984 persequendi

109 3023 208 3068 causa
219 3002 420 3080 confugiunt,
439 3001 606 3064 distinctos
623 3003 837 3066 cardinalium
853 3010 953 3066 coetus
977 3005 1016 3064 ad
1041 3021 1094 3064 au·

111 3102 268 3164 diendum
285 3117 395 3178 preces
411 3100 575 3162 inveniunt
588 3109 726 3180 paratos.

156 3202 186 3260 2.
204 3197 346 3278 Negotia,
368 3214 439 3274 quae
454 3199 666 3276 procederent
682 3197 872 3274 inordinate,
889 3200 914 3259 si
930 3201 1095 3262 omnes'de

113 3297 265 3362 omnibus
279 3282 374 3355 rebus
389 3301 626 3373 cognoscerent,
644 3296 766 3358 facilius
791 3297 988 3376 celeriusque
1000 3315 1096 3379 expe·

112 3398 259 3458 diuntur.
285 3392 423 3471 Singulis
454 3393 541 3454 enim
572 3389 870 3474 congregationibus
901 3395 1099 3474 assignantur

112 3501 202 3558 certa
214 3489 340 3571 negotia
354 3508 426 3552 cum
441 3491 631 3570 specialibus
649 3492 862 3570 facultalibus,
876 3500 907 3556 et
920 3494 1019 3556 iidem
1034 3511 1101 3556 car·

115 3594 241 3654 dinales
255 3607 319 3651 non
334 3589 492 3650 universis
504 3591 668 3663 intersunt.

159 3694 186 3754 3.
201 3689 386 3752 cardinales
404 3696 528 3766 partem
542 3690 704 3754 distributi
719 3693 858 3755 muneris
871 3691 970 3754 levius
984 3693 1100 3766 lerunt,

931 3805 977 3851 ao.
