2604 4270
406 215 480 262 PARS
500 215 679 264 serendus

205 413 318 474 oceano
332 414 369 464 δι.
387 438 418 450 -
430 413 467 464 Du
479 425 613 466 mnesteus
632 425 841 466 orscrmrmarnus
851 415 900 480 (t).

105 574 129 634 l.
143 572 281 655 Ipsorum
295 584 416 636 autera.
427 605 466 621 -
478 575 619 636 Canones
634 574 802 654 quinoque
817 575 856 636 ad
870 575 977 651 fldem,
988 591 1042 636 ne·

71 673 184 750 quoad
206 689 310 734 mores
323 671 492 752 pertinent,
514 672 553 732 ad
576 671 778 754 disciplinam
789 672 940 735 Ecclesiae
964 673 1043 736 reie-

69 775 190 832 runtur.
808 845 813 860 ⁸

107 868 241 930 Nomine
255 867 434 947 disciplina
446 867 577 930 veniunt
596 873 664 930 tum
679 885 790 948 praxes
805 867 950 930 societati
966 867 1045 930 tide·

72 966 146 1027 lium
170 966 377 1045 praescriptae,
393 971 461 1028 tum
478 967 563 1045 leges
584 967 699 1045 quihus
724 965 792 1028 istae
808 982 921 1044 praxes
940 967 1046 1028 deter-

73 1064 245 1139 minantur;
259 1083 287 1125 v.
297 1083 325 1144 g.
338 1063 505 1143 disciplina
516 1063 672 1139 militaris,
684 1063 848 1139 clericalis,
857 1064 1041 1128 monastica.

75 1161 158 1224 Sicut
181 1162 299 1244 dogma
323 1167 371 1223 est
390 1160 516 1236 veritas,
546 1164 577 1223 et
594 1177 731 1222 canones
751 1163 923 1242 dogmatici
946 1162 1043 1223 fldem

76 1259 215 1339 exigunt3
230 1259 314 1322 sicut
326 1261 444 1339 regula
456 1277 582 1322 morum
593 1259 733 1338 singulos
743 1258 887 1322 homines
899 1260 940 1321 ad
950 1259 1044 1322 virtu·

76 1362 134 1419 tem
148 1358 357 1421 excolendam
369 1357 512 1434 incitant,
530 1362 561 1420 et
575 1358 718 1420 Ecclesia
729 1357 905 1420 canonibus
919 1373 1046 1420 morum

77 1458 171 1536 legem
187 1458 328 1518 divinam
342 1457 569 1536 interpretatur
584 1475 620 1520 ac
637 1458 801 1539 proponit,
817 1457 863 1520 ita
877 1456 1047 1535 disciplina

78 1556 163 1617 estin
180 1555 325 1617 Ecclesia
339 1555 452 1618 visibili
466 1557 571 1634 praxis
585 1555 699 1635 agendi
710 1555 800 1634 juxta
813 1557 922 1616 tldcm.
947 1555 1047 1632 Prop-

77 1659 153 1716 terea
174 1649 395 1732 disciplinares
421 1653 570 1715 dicuntur
595 1670 641 1714 eae
662 1653 748 1732 leges
774 1653 889 1732 quibus
918 1656 1047 1715 externa

78 1752 220 1813 Ecclesiae
242 1752 377 1814 societas
391 1753 423 1813 in
440 1751 546 1814 olficio
561 1756 592 1814 ct
606 1752 719 1813 ordine
733 1752 923 1814 continetur.

112 1851 218 1930 ltaque
243 1849 411 1930 disciplina
439 1849 584 1912 consistit
611 1849 643 1910 in
669 1849 821 1912 relatione
848 1867 944 1930 quam
962 1850 1047 1928 leges

79 1945 227 2010 inducunt
235 1948 318 2010 inter
331 1947 476 2010 veritates
490 1947 661 2009 credendas
675 1951 877 2010 etexternam
887 1947 1047 2010 societatis

80 2045 253 2120 actionem
277 2043 435 2125 siquidem
456 2045 560 2126 praxis
589 2046 686 2106 fidem
709 2046 860 2126 exprimit
881 2063 918 2108 ac
933 2064 999 2126 prae
1014 2063 1047 2108 se

81 2143 135 2205 lert
148 2143 329 2224 symbolum
343 2147 375 2206 ct
389 2144 531 2206 medium
544 2162 607 2224 quo
619 2144 743 2208 interna
756 2144 907 2208 Ecclesiae
922 2144 985 2208 vila
999 2145 1049 2206 in-

80 2243 210 2304 notescit
220 2247 251 2303 et
264 2239 465 2323 propagatur.

116 2339 206 2401 ilatio
222 2343 280 2414 est,
296 2339 369 2420 quia
381 2339 463 2401 inter
477 2339 616 2400 animam
635 2344 667 2402 et
681 2357 796 2419 corpus
809 2340 961 2402 Ecclesiae
976 2357 1048 2401 rnu-

82 2439 168 2496 tuum
193 2437 297 2500 existit
319 2436 559 2515 commercium,
575 2454 612 2499 ex
628 2455 691 2517 quo
710 2456 774 2499 non
792 2443 917 2500 tantum
933 2455 1049 2518 corpus
1109 2447 1114 2458 '

85 2533 192 2611 spiritu
219 2535 417 2610 informatur,
441 2551 550 2596 verum
570 2534 665 2596 etiam
681 2534 757 2596 illud
774 2534 839 2614 agit
850 2533 883 2596 in
896 2536 1046 2609 animam,

84 2630 112 2690 id
125 2635 183 2700 est,
196 2630 258 2692 vita
271 2631 344 2694 fidei
354 2649 412 2713 per
421 2631 544 2693 visibile
555 2631 765 2694 ministerium
775 2633 917 2712 corporis
927 2634 1050 2696 fovetur

85 2745 117 2790 ac
130 2745 196 2790 sese
208 2729 397 2793 manifestat.
416 2730 557 2792 Christus
578 2731 664 2791 enim
688 2730 721 2790 in
747 2730 889 2794 Ecclesia
916 2731 1051 2793 instituit

86 2825 212 2889 intemae
226 2828 335 2907 gratiae
353 2833 481 2890 externa
505 2829 620 2905 media,
638 2828 753 2910 quibus
767 2829 923 2891 accedunt
939 2845 1051 2908 praxes

87 2923 121 2985 ab
134 2925 273 2988 Ecclesia
287 2925 480 3006 praescriptae
494 2925 548 3008 (E).

121 3025 158 3084 ll.
174 3023 328 3114 Praecipue
337 3023 494 3106 disciplinae
505 3024 612 3107 cape'tc.
627 3058 668 3070 —
679 3026 821 3087 Ganones
833 3022 1051 3102 disciplinares

90 3128 155 3184 sunt
168 3123 383 3185 firmissimum
398 3125 483 3200 fidei,
501 3139 627 3186 morum
636 3127 667 3185 et
676 3122 839 3201 religionis
852 3119 1048 3201 praesidium.

91 3219 205 3281 Etenim
219 3227 383 3284 versantur
398 3241 405 3284 :

126 3320 154 3378 1ο
173 3318 208 3380 In
222 3321 323 3382 tutela
341 3312 419 3382 fidei
436 3324 468 3383 et
490 3335 628 3396 morum,
647 3321 801 3398 quatenus
822 3316 1053 3398 ponasjdeeer-

120 3486 149 3548 tt)
160 3487 291 3552 zellinger,
300 3488 348 3538 lus
360 3488 554 3540 ecclesiasticum
568 3483 704 3552 publicum,
716 3499 773 3548 cap.
790 3497 816 3535 x.

121 3567 149 3630 (²)
160 3567 272 3631 Perrone,
285 3569 322 3620 De
336 3567 457 3630 Ecclesia,
471 3574 534 3620 sect.
548 3568 569 3630 l,
580 3580 639 3629 cap.
658 3579 685 3616 u.
