2588 4272
388 210 394 219 ·
464 197 538 243 PARS
560 198 739 245 cursurus.

513 423 644 486 CAPUT
665 425 693 486 Il

374 581 593 633 Collectiorres
606 582 841 634 Decretallum.

148 744 256 888 Anaxl.
309 747 503 804 Decretalium
528 747 744 808 collectioness
770 751 904 808 Gratiano
928 751 964 808 ad
987 752 1092 824 Grego-

115 833 214 888 riuml
240 875 247 890 .
270 840 272 846 '

148 925 213 978 Aur.
236 923 269 980 ΙΙ.
307 925 469 982 Decrelales
484 927 613 998 Gregorii
627 929 673 983 ΙΙΙ.

148 1013 214 1068 Aur.
235 1013 282 1070 ΙΙΙ.
303 1014 404 1070 Sextus
423 1014 628 1088 Decretsliu'm,
641 1015 841 1086 Clementiae,
857 1017 1088 1089 Extravagantes.

478 1219 698 1275 ARTICULUS
716 1221 731 1274 1

160 1382 345 1424 occurremur
358 1385 551 1426 corruerimus
567 1388 585 1426 a
598 1387 732 1427 crasiano
744 1385 778 1424 au
798 1386 951 1426 crroomuu
968 1387 995 1426 rx
1008 1373 1055 1439 (l).

154 1548 236 1607 Ante
260 1549 447 1628 Gregorium
467 1551 509 1612 IX
527 1550 713 1628 prodierunt
734 1547 873 1628 quinque
887 1549 1092 1610 collectiones

118 1645 339 1706 Decretalium.

153 1742 177 1802 Ι.
204 1743 382 1803 Beroaldus
404 1744 504 1817 Circa,
526 1743 716 1822 prepositus
741 1742 902 1821 Papicnsis
923 1759 960 1802 ac
984 1747 1095 1820 postea

118 1839 291 1916 Episcopus
313 1841 511 1914 Faventinus,
532 1857 616 1900 anno
638 1843 714 1902 1199
736 1838 890 1918 evulgavit
906 1837 1095 1898 Breviorium

118 1935 403 2016 Ectrcuoyuntium
419 1937 451 1996 icl
469 1942 527 2009 est,
546 1937 749 1998 decretorum
765 1953 836 2013 quae
852 1940 939 1996 extra
955 1935 1094 1996 Gratiani

120 2051 195 2111 opus
212 2032 415 2108 vagabantur.
438 2035 474 2094 In
489 2052 525 2096 ea
545 2034 743 2107 collectione,
766 2050 836 2110 quae
845 2033 949 2113 primu
963 2033 1091 2108 dicitur,

117 2136 231 2208 practer
258 2134 385 2194 decreta
412 2151 483 2213 quae
509 2132 649 2195 Gratiani
676 2131 881 2216 diligentiam,
904 2131 1091 2210 effugerant,

118 2230 357 2292 constitutiones
373 2233 564 2295 Pontificum
587 2223 659 2312 post
682 2232 863 2294 Gratianum
885 2230 979 2291 editae
993 2246 1094 2308 usque

119 2327 155 2385 ad
170 2328 374 2390 lloelestinum
389 2331 441 2404 ΙΙΙ,
461 2337 492 2391 et
511 2347 650 2392 canones
669 2328 796 2390 concilii
815 2327 1032 2416 lateranensis
1054 2327 1095 2387 ΙΙΙ

119 2425 330 2488 continentur.
352 2429 462 2488 «Haec
475 2427 636 2501 collectio,
652 2426 687 2486 in
706 2424 846 2503 quinque
863 2424 961 2484 libros
983 2423 1093 2500 divisa,

118 2521 175 2582 fuit
188 2522 287 2584 veluti
301 2523 501 2602 archetypus,
518 2525 556 2584 ad
576 2524 665 2602 cujus
682 2521 863 2600 exemplum
877 2520 1009 2599 reliquae
1027 2521 1095 2582 col-

118 2617 271 2680 lectiones
285 2620 446 2682 adornatae
462 2628 536 2682 sunt
552 2620 603 2698 (2).
624 2641 639 2676 n

157 2717 194 2785 ll.
211 2717 408 2778 Bernardum
424 2720 523 2780 secuti
536 2723 608 2780 suut
622 2717 780 2779 Gilbertus
793 2719 825 2776 et
837 2715 973 2786 Alanus3
989 2714 1044 2774 sed
1056 2715 1095 2774 il-

120 2813 221 2874 lorum
245 2813 452 2874 collectiones
475 2814 562 2876 brevi
589 2813 831 2874 interciderunt.
855 2813 973 2872 Novam
996 2827 1033 2872 ex
1056 2811 1095 2872 iis

121 2909 340 2970 collectionem
353 2910 492 2971 coniecit
504 2910 628 2970 Jouuoes
642 2907 772 2972 (tulensis
787 2924 843 2968 seu
864 2905 1001 2967 Vollemis
1012 2923 1096 2968 anuo

121 3008 204 3068 lace.
215 3007 298 3068 Haec
312 3005 434 3078 secundo
447 3007 577 3068 collectio
587 3007 714 3068 dicitur.

158 3105 209 3168 Ill.
233 3105 438 3166 Innocentius
460 3107 501 3166 ΙΙΙ
528 3101 597 3182 ipse¹
623 3106 718 3164 Petro
742 3101 963 3163 Beneventano
986 3116 1096 3162 curam

121 3202 288 3278 mandavit,
305 3207 341 3263 ut
354 3203 453 3282 ipsius
474 3201 719 3278 constitutiones
737 3197 910 3278 colligeret.
936 3199 1011 3260 Haec
1030 3199 1098 3260 ccl-

152 3388 183 3446 (Ι)
197 3387 425 3448 schmalzgrueber‚
440 3387 546 3435 Dz'rsert.
558 3385 723 3449 praeconialis,
738 3383 754 3446 ἕ
770 3387 793 3433 Ι.
805 3411 835 3418 -
849 3384 962 3447 Phillips,
977 3385 1018 3434 Du
1030 3383 1100 3434 droit

121 3467 303 3530 ecclesiasticae
311 3467 376 3516 duos
389 3481 429 3516 res
439 3481 548 3528 sources,
558 3467 630 3528 ehap.
644 3481 673 3516 u.

149 3548 179 3610 (tl
192 3547 283 3609 soglis,
296 3547 466 3602 Proeccttouee
477 3545 556 3610 injus
565 3544 769 3607 ecclesiasticum,
782 3557 838 3606 cap.
850 3555 893 3596 nr.
1002 3580 1004 3586 .

957 3627 984 3682 l.
