2620 4258
435 160 512 206 PARS
531 159 694 205 spumeus·
1010 161 1059 208 ³23

86 280 193 356 potest
214 265 355 355 suppleri
362 293 372 354 3
391 277 461 339 aliae
482 294 555 340 vero
578 275 792 338 solemnitates
811 277 982 356 aliquando
1006 296 1063 357 per

86 375 188 452 ipsam
202 374 477 444 confirmationem
491 375 692 453 supplentur.
709 375 850 436 Proinde
862 375 1064 438 confirmatio

86 476 134 533 est
146 471 277 533 concilii
289 472 392 550 prima
404 490 477 552 pars
486 471 519 531 in
533 471 644 532 ordine
651 471 741 550 juris,
754 471 896 550 quamvis
905 471 945 534 sit
954 473 1066 534 ultima

87 569 120 628 in
135 569 248 630 ordine
263 569 429 648 temporis.
652 557 656 575 '

129 667 205 745 Ejus
216 666 387 727 necessitas
399 665 552 745 probatur
566 669 594 727 l.
609 667 796 730 auctoritate.
810 670 969 748 Eugenius
981 672 1022 734 IV
1034 670 1067 730 in

89 765 221 825 decreto
234 781 329 843 super
340 763 459 826 unione
469 763 686 826 lacebitarum
695 765 758 826 ait:
779 787 792 822 α
805 767 945 845 Suscipit
955 769 1069 830 Sancta

89 864 233 923 Romana
247 861 389 923 Ecclesia
401 877 511 922 omnes
522 861 712 945 universales
727 863 870 941 synodos
882 866 1069 927 auctoritate

91 959 127 1018 R.
147 957 309 1020 Pontificis
321 959 465 1038 legitime
480 966 686 1040 congregatas
700 976 737 1021 ac
752 961 936 1039 celebratas,
953 968 984 1024 et
995 980 1071 1024 con-

91 1057 240 1117 firmatas.
258 1077 272 1115 a
297 1056 382 1118 Dixit
397 1057 494 1119 etiam
509 1055 697 1137 constrantes
709 1062 745 1119 ut
760 1059 943 1122 ostenderet
960 1059 1070 1121 conei-

91 1153 134 1213 lia
149 1153 308 1232 generalia
323 1171 390 1215 esse
401 1151 578 1233 illegitima,
593 1171 699 1232 neque
711 1155 931 1221 auctoritatem
942 1155 1070 1231 hahere,

91 1250 154 1310 nisi
167 1251 340 1312 aldemano
353 1251 508 1314 Pontifice
522 1253 760 1314 confirmentur.

100 1353 107 1374 ⁶
133 1348 268 1411 Accedit
282 1349 454 1411 auctoritas
467 1347 610 1426 ipsorum
621 1349 843 1419 conciliorum.
856 1351 984 1414 Etenim
997 1367 1074 1414 con*

92 1445 167 1506 cilia
196 1446 356 1524 generalia
383 1446 536 1508 hactenus
566 1445 727 1509 celebrata
754 1448 1030 1514 confirmationem
1057 1467 1075 1510 a

93 1543 238 1606 Summis
251 1541 459 1603 Pontificibus
472 1542 642 1620 petierunt.

132 1640 170 1700 ld
185 1637 352 1702 manifeste
367 1639 505 1701 declarat
515 1640 620 1718 praxis
633 1629 797 1702 Ecclesiae.
812 1640 956 1718 Namque
968 1642 1076 1702 Eccle-

94 1735 138 1796 sia
153 1734 312 1798 catholica
325 1739 450 1796 tantum
466 1751 502 1796 ea
516 1735 652 1798 concilia
666 1742 816 1813 tanquam
831 1735 974 1813 legitima
992 1734 1074 1806 reci·

95 1833 155 1913 pit,
173 1849 244 1912 quae
260 1832 384 1893 Summi
400 1833 570 1894 Pontifices
586 1833 813 1911 probaverunt3
831 1833 936 1913 rejicit
954 1851 1027 1896 vero
1041 1837 1076 1894 ut

96 1929 263 2010 illegitima
279 1947 402 2008 eaquae
418 1930 458 1991 ab
474 1931 551 2010 ipsis
568 1930 776 1992 Pontificibus
796 1930 965 2009 reprobata
979 1931 1074 1994 firisse

97 2032 285 2088 noscuntur.

138 2123 294 2186 Probatur
304 2131 333 2186 E.
345 2125 469 2198 ratione,
482 2141 520 2184 ex
534 2129 646 2185 natura
658 2124 881 2186 conciliorum.
899 2124 1076 2188 Concilium

99 2222 245 2302 generale
255 2220 594 2300 nonhabetpropriam
604 2223 836 2296 auctoritatem,
848 2223 910 2282 nisi
921 2229 1076 2300 quatenus

98 2323 303 2396 representat
319 2319 477 2397 integram
492 2318 670 2379 Ecclesiam
692 2319 874 2380 docentem.
891 2320 998 2397 Atqui,
1016 2319 1076 2382 nisi

100 2417 318 2490 confirmetur,
335 2433 400 2478 non
417 2420 623 2493 repraesentet
640 2432 755 2494 corpus
772 2415 962 2493 episcopale,
979 2417 1078 2496 siqui·

102 2515 175 2576 dem
194 2516 234 2579 ad
251 2514 350 2592 ipsius
369 2513 585 2598 integritatem
602 2513 678 2575 unio
696 2513 915 2577 membrorum
932 2531 1006 2576 cum
1024 2532 1078 2580 ca·

101 2612 167 2690 pite
181 2613 371 2692 postulatur.
727 2672 729 2682 ,
818 2681 820 2686 ,
984 2673 987 2684 ,

140 2711 252 2788 ltaque
265 2708 465 2771 confirmatio
476 2711 512 2770 R.
527 2708 690 2770 Pontificis
701 2712 733 2770 et
740 2707 898 2788 judicium
910 2709 1081 2788 Episcopo·

16 2819 17 2826 ¹
100 2824 172 2868 rum
186 2812 260 2868 sunt
282 2808 345 2868 duo
360 2812 449 2868 actus
467 2805 603 2882 relatiri;
622 2811 754 2886 uterque
770 2805 965 2868 necessarius
980 2809 1030 2869 est
1040 2806 1080 2866 ad

16 2921 17 2964 ς
101 2904 332 2984 perlectionem
345 2905 474 2967 concilii
493 2905 661 2984 generalis.
679 2905 768 2966 Sicut
782 2903 901 2966 decisio
918 2903 1081 2983 pontificia

16 3035 17 3040 κ
105 3020 161 3080 per
177 3020 211 3064 se
231 3003 409 3065 nonhabet
425 3003 568 3064 indolem
584 3003 704 3065 decreti
726 3002 917 3079 concilieris,
942 3003 985 3064 ita
996 3001 1082 3080 judi·

107 3101 435 3180 ciumEpiscoporum
447 3101 736 3179 estiucompletum
748 3101 815 3162 sine
825 3101 1078 3168 confirmatione.

16 3211 17 3240 ³
107 3199 193 3260 Istud
214 3198 373 3277 judicium
396 3198 577 3278 episcopale
591 3199 727 3260 refertur
747 3198 959 3278 adjudicium
977 3197 1083 3262 subse·

16 3275 18 3300 *
109 3313 207 3374 quens
221 3295 307 3357 illius
318 3295 373 3376 qui
388 3301 435 3358 est
449 3300 546 3375 caput
556 3295 720 3371 Ecclesiae;
734 3295 944 3371 confirmatio,
961 3295 1015 3358 nbi
1031 3313 1083 3358 ve-

109 3393 155 3455 lut
177 3394 452 3473 complementum
469 3392 604 3467 accedit,
628 3391 812 3496 firmitatem
826 3392 939 3456 tribuit
956 3393 995 3454 iis
1013 3411 1084 3473 quae

112 3489 144 3552 in
159 3491 297 3554 concilio
310 3491 438 3552 decreta
450 3490 587 3552 fuerunt.
