2630 4250
195 211 248 259 196
372 210 528 256 Exrosmo
550 209 729 256 burnonlcx
749 211 832 258 sulus
853 211 1008 258 canorum.

235 327 357 402 erorto,
371 327 553 407 jurisdictio
568 325 737 400 ordinaria,
766 327 864 388 modo
878 327 1055 408 excipiatur
1075 329 1174 408 juris·

193 425 292 487 dictio
305 425 423 487 vicarii
443 423 612 502 generalis,
629 428 733 485 morte
753 425 960 487 concedentis
984 443 1050 488 non
1064 427 1173 506 exspi-

193 527 250 583 rat.
265 523 413 601 Detegeta
427 537 500 582 vero
514 520 720 598 extinguitur,
730 519 759 580 si
771 521 919 600 delegans
935 523 1112 603 reintegra,
1136 523 1171 584 id

193 623 250 692 ast,
263 635 414 697 processu
422 618 568 680 nondum
583 617 743 690 inchoato,
761 619 896 681 decedat
906 618 958 699 (i).

231 717 270 776 11.
284 715 470 778 iurisdictio
486 713 656 788 ordinaria,
671 713 794 776 ratione
806 716 948 795 originis,
965 716 1026 776 alia
1038 715 1174 797 estjura's

191 811 292 887 diuiti,
311 812 372 874 alia
393 819 500 874 autem
521 827 608 872 mere
633 811 831 874 ecclesiastico.
855 813 939 874 Juris
965 813 1064 874 divini
1092 813 1172 874 dici·

191 919 242 974 tur
258 911 313 972 illa
320 909 504 991 jurisdictio
517 927 588 989 quaa
602 927 620 970 a
636 911 702 970 Deo
721 909 791 988 ipso
813 909 998 972 immediate
1013 909 1169 972 concedi-

190 1015 252 1083 tur,
265 1027 294 1070 v.
311 1025 340 1086 g.
357 1012 496 1086 potestas
515 1007 649 1069 Romani
663 1008 845 1083 Pontificis3
863 1009 912 1070 vel
927 1009 1038 1070 saltem
1054 1008 1171 1068 divini-

188 1111 239 1168 tus
254 1105 397 1168 instituta
417 1105 488 1180 fuit,
507 1124 536 1166 v.
561 1123 591 1183 g.
610 1110 747 1184 potestas
758 1106 1008 1185 Episcoporum;
1025 1105 1169 1168 Christus

189 1203 275 1262 enim
290 1203 514 1264 Pontificatum
528 1209 559 1264 et
571 1203 798 1281 Episcopatum
810 1203 956 1267 instituit.
969 1205 1054 1268 Mera
1067 1206 1172 1266 eccle·

188 1299 314 1362 siastica
329 1305 376 1362 est
386 1300 567 1378 jurisdictio
590 1301 745 1379 graduum
767 1299 807 1362 ab
833 1301 975 1364 Ecclesia
1002 1301 1167 1364 instituto-

189 1414 270 1473 rum,
287 1417 316 1460 v.
334 1416 363 1476 g.
382 1397 555 1460 auctoritas
574 1396 692 1460 vicarii
705 1397 872 1475 generalis.

227 1493 355 1556 Diverso
371 1495 469 1556 modo
487 1495 640 1557 metimur
658 1495 853 1556 alterutram.
872 1495 1093 1558 Jurisdictioni
1112 1497 1168 1558 di-

72 1598 73 1602 ’
185 1589 301 1652 vinitus
312 1591 466 1654 institutas
484 1593 662 1672 applicatur
679 1593 765 1654 istud
779 1592 973 1672 principium
998 1594 1166 1656 affirmati·

186 1704 260 1748 vum
277 1707 284 1750 :
302 1705 339 1750 ea
356 1691 465 1752 omnia
489 1695 595 1771 potest
618 1708 690 1769 quae
711 1689 805 1752 sibia
824 1690 895 1768 jure
917 1691 1073 1769 superiori
1095 1711 1163 1754 non

186 1784 409 1862 prohibentur.
435 1788 657 1851 Jurisdictioni
670 1805 745 1850 vero
763 1803 850 1848 mere
870 1788 1091 1850 ecelesiastica
1106 1806 1165 1866 ap-

185 1882 321 1960 plicatur
335 1883 530 1962 principium
543 1885 725 1964 negativum
738 1903 745 1946 :
760 1901 826 1946 non
850 1889 956 1963 potest
979 1901 1084 1964 agere,
1098 1885 1163 1946 nisi

185 1995 219 2040 ea
230 1995 302 2057 qum
316 1979 377 2040 sibi
392 1980 526 2058 positive
541 1981 760 2043 conceduntur
776 1981 829 2061 (E).

223 2077 276 2138 ΙΙΙ.
291 2078 425 2138 Ratione
440 2094 570 2140 casuum
584 2079 744 2158 inquibus
763 2080 940 2152 intervenit,
956 2078 1166 2159 distinguitur

95 2339 102 2354 Ι
181 2270 372 2348 generaliter
399 2279 565 2336 exercetur
583 2273 623 2336 ab
651 2275 715 2336 illis
743 2261 924 2353 pastoribus
937 2274 1053 2353 quibus
1069 2291 1164 2336 com·

180 2366 316 2430 mittitur
331 2370 527 2434 ordinarium
540 2371 683 2452 regimen
700 2373 885 2447 societatis3
905 2392 933 2433 v.
949 2389 979 2450 g.
998 2374 1159 2432 Romanus

180 2465 325 2528 Pontifex
339 2467 372 2528 in
385 2469 527 2532 Ecclesia
536 2470 716 2544 universali,
731 2469 907 2548 Episcopus
921 2469 1018 2530 insua
1029 2468 1161 2530 dimoesi

176 2561 431 2640 jurisdictionem
446 2567 664 2631 immediatam
679 2567 837 2632 obtinent.

219 2661 356 2724 Mediata
379 2670 427 2726 est
451 2665 505 2726 illa
528 2665 711 2744 jurisdictio
735 2683 817 2744 qum,
846 2664 922 2726 licet
945 2661 1046 2743 possit
1059 2661 1159 2723 alicui

179 2765 362 2837 competere
375 2763 497 2824 ratione
516 2763 637 2826 stabilis
665 2762 840 2842 dignitatis,
858 2767 966 2824 umen
979 2777 1045 2822 nou
1060 2760 1165 2822 intor-

178 2855 264 2918 venit
277 2857 338 2918 nisi
356 2859 390 2918 in
411 2859 535 2922 casibus
549 2877 568 2920 a
578 2860 651 2940 jure
665 2853 896 2922 determinetis.
910 2857 992 2918 Talis
1008 2861 1055 2919 est
1065 2857 1164 2936 juris·

179 2951 279 3016 diotio
289 2955 500 3034 Metropolitae
516 2957 549 3017 in
562 2959 831 3038 suffraganeorum
842 2955 986 3018 subditos
1001 2955 1055 3036 (3).

217 3052 269 3114 lv.
287 3053 420 3116 Ratione
436 3053 641 3130 extensionis,
669 3055 874 3134 distinguitur
889 3053 1072 3134 jurisdictio
1086 3053 1158 3112 uni-

178 3148 297 3210 versalis
320 3153 367 3212 vel
389 3151 596 3233 particularis.
628 3154 801 3237 Postquam
823 3152 1004 3214 constitutae
1027 3150 1159 3212 fuerunt

158 3243 345 3350 kdioeceses
372 3249 556 3328 jurisdictio
575 3249 763 3330 universalis
789 3267 856 3312 non
877 3254 1043 3311 exercetur
1061 3247 1124 3310 nisi
1138 3265 1162 3310 a

209 3393 241 3453 (1)
253 3393 482 3460 Scbmaizgrueber,
495 3399 542 3448 Jur
553 3399 760 3459 ecclesiasticum,
769 3400 812 3450 lib.
826 3400 846 3461 Ι,
858 3401 897 3448 tit.
908 3413 975 3448 xxix.

209 3471 242 3535 (2)
256 3473 386 3537 Zaliingar,
402 3479 573 3529 institutiones
578 3479 649 3544 juris
659 3479 830 3543 ecclesiastici,
839 3481 880 3529 tib.
890 3483 910 3542 1,
921 3481 962 3530 tit.
978 3491 1053 3529 xxxi.

211 3552 246 3614 (3)
259 3555 428 3620 Reidenstuci,
438 3558 484 3606 dus
494 3557 696 3622 ecclesiasticum,
709 3557 752 3609 lib.
764 3558 785 3621 1,
795 3559 911 3610 titxxxr.

849 3821 860 3855 Ι
