2630 4250
257 201 308 254 tlt
420 205 576 254 exeosmo
597 205 775 254 unrflonlen
796 205 881 254 tubis
903 207 1061 256 canorum.

255 325 437 386 exercentes
448 323 640 387 medicinam
651 327 707 386 aut
719 323 923 405 chirurgiam,
940 330 973 388 et
988 329 1123 388 mortem
1133 325 1220 390 alicui

256 421 434 484 inter-entes.

294 519 469 600 Episcopus
492 518 674 599 dispensare
698 523 803 600 potest
825 519 858 580 in
884 519 1165 602 irregularitatibus
1190 540 1223 584 en

255 616 374 680 delicto
392 617 519 680 occulto
541 617 811 696 provenientibus,
834 625 967 699 excepta
986 638 1025 682 ea
1046 639 1117 700 quae
1132 621 1224 682 oritur

256 733 295 778 ex
306 715 482 804 homicidio
502 716 690 793 voluntario,
714 721 746 778 ct
765 717 905 796 exceptis
929 718 998 780 aliis
1024 718 1169 782 deductis
1189 719 1224 780 ad

257 814 363 876 iorum
376 812 613 876 contentiosum
629 813 683 894 (l).

411 1035 415 1044 '
517 1027 573 1093 Μ.
589 1056 617 1067 -
630 1027 668 1082 Ile
684 1029 768 1082 tituto
781 985 977 1085 ordinationis.

299 1195 326 1258 1.
343 1194 424 1276 Ejus
438 1192 520 1275 oripo
533 1202 561 1255 et
572 1193 735 1258 necessitas.
752 1195 901 1259 -Tituli
916 1195 1048 1258 nomine
1063 1196 1150 1259 venit
1160 1214 1228 1258 cau-

257 1295 319 1370 tio,
333 1311 394 1373 qua
407 1294 568 1372 provisum
582 1294 623 1355 sit
638 1293 816 1356 ordinando
831 1296 870 1356 de
888 1295 1059 1358 sufficienti
1075 1302 1109 1358 et
1124 1313 1228 1376 perpe·

258 1400 313 1456 tua
326 1391 565 1454 sustentatione.

297 1489 393 1552 Tituli
416 1495 570 1551 vocantur
583 1487 745 1563 Ecclesiae,
755 1489 803 1550 vel
816 1506 835 1549 a
848 1487 1032 1552 nominibus
1046 1492 1227 1554 Sanctorum

258 1587 372 1668 quibus
387 1587 543 1663 dicantur,
563 1588 610 1649 vel
626 1587 665 1648 ab
685 1586 762 1666 ipsis
784 1586 909 1648 clericis
924 1587 979 1667 qui
993 1607 1089 1650 suum
1104 1589 1178 1651 inda
1195 1590 1230 1652 ti-

258 1689 362 1750 tulum
379 1691 411 1748 et
424 1704 542 1749 nomen
564 1684 776 1765 accipiebant.
793 1685 875 1746 Olim
898 1677 1008 1747 titulus
1027 1685 1230 1749 ordinationis

260 1790 327 1846 crat
340 1785 482 1846 Ecclesia
496 1801 552 1845 seu
567 1782 757 1844 beneficium
770 1781 821 1844 oui
837 1783 972 1846 clericus
986 1784 1231 1859 adscribebatur,

260 1881 315 1943 ubi
337 1881 549 1943 ministerium
565 1880 719 1943 stabiliter
733 1887 902 1944 exerceret.
922 1881 1000 1954 Ouia
1017 1900 1093 1944 vero
1106 1883 1173 1944 haec
1190 1882 1232 1942 in·

260 1979 399 2043 titulatio
410 1978 805 2057 duplicemobligationem
818 1979 971 2058 pariebat,
983 1997 1101 2059 nempe
1117 1981 1231 2042 clericis
1295 1987 1296 2000 ¹

262 2077 403 2140 cilicium
428 2076 582 2140 serviendi
606 2081 759 2156 perpetuo
774 2068 937 2153 Ecclesiae,
953 2079 1107 2140 Ecclesiae
1127 2095 1232 2140 munus

261 2174 487 2256 suppeditandi
504 2175 664 2246 alimenta,
690 2181 860 2254 propterea
881 2193 956 2239 cum
979 2177 1074 2239 titulo
1101 2176 1233 2240 ordinari

262 2273 349 2334 idem
364 2277 440 2350 erat,
456 2291 493 2336 ac
507 2273 647 2336 ordinari
662 2290 736 2334 cum
748 2273 895 2337 cautione
909 2274 1151 2338 sustentationis
1165 2293 1234 2336 con·

262 2370 432 2434 venientis.

302 2470 373 2532 Jam
394 2485 432 2530 ex
449 2467 579 2548 antiqua
599 2468 769 2548 disciplina
783 2468 836 2548 (2),
853 2469 997 2534 Ecclesia
1015 2470 1181 2548 prohibuit
1199 2487 1234 2529 ne

262 2567 397 2631 clericus
411 2567 620 2642 ordinaretur,
637 2567 714 2646 quin
726 2567 856 2629 titulum
869 2566 1013 2630 haberet.
1035 2569 1129 2630 Ratio
1149 2567 1234 2646 hujus

262 2665 340 2744 legis
355 2664 415 2726 luit
430 2671 499 2728 tum
515 2682 556 2726 ne
579 2665 687 2726 clerici
708 2671 895 2745 vagarentur
910 2683 969 2744 per
984 2665 1149 2740 dioeceses,
1173 2671 1236 2727 tum

261 2779 304 2824 ne
317 2766 506 2842 cogerentur
515 2760 572 2836 illi,
589 2759 670 2840 «qui
683 2759 788 2822 divino
801 2760 980 2824 ministerio
992 2762 1145 2841 adscripti
1158 2765 1235 2833 sunt,
1294 2837 1295 2842 ἵ

263 2875 337 2922 cum
352 2857 473 2920 ordinis
491 2857 648 2919 dedecore
673 2857 868 2934 mendicare,
884 2865 938 2921 aut
952 2859 1119 2922 sordidum
1141 2875 1238 2938 quaes-

262 2963 333 3020 tum
351 2971 498 3018 exercere
512 2954 564 3036 (3).
579 2977 593 3014 u
611 2954 733 3017 Titulus
755 2955 976 3034 requirebatur
998 2957 1093 3018 etiam
1114 2957 1153 3016 ad
1177 2953 1240 3034 pri·

264 3072 350 3117 mam
369 3059 533 3132 tonsuram
550 3058 581 3114 et
595 3053 735 3114 minores
749 3053 893 3128 ordines;
911 3071 995 3116 nunc
1015 3054 1121 3115 solum
1140 3049 1240 3130 requi-

264 3153 346 3215 ritur
357 3152 396 3212 ad
411 3149 629 3229 suscipiendos
647 3149 774 3211 ordines
786 3167 900 3213 sacros.

220 3337 228 3344 ·
299 3319 333 3380 (1)
345 3319 421 3370 donc.
437 3318 518 3380 Trid.,
534 3331 597 3372 sess.
616 3317 703 3380 XXIV,
716 3331 774 3379 cap.
789 3329 824 3367 vr.

298 3399 333 3458 lt)
346 3397 421 3448 Cone.
442 3400 639 3449 Chalcedonenee
654 3417 687 3449 ιιι
703 3399 804 3448 Nullum
821 3395 935 3448 absolute
955 3396 1065 3450 ordinari
1086 3397 1186 3459 debere,
1198 3393 1244 3446 nisi

232 3521 233 3524 ,
267 3475 412 3542 specialiter
426 3477 452 3526 in
464 3480 568 3528 ecclesia
582 3479 734 3538 designetur.
751 3495 761 3521 e

204 3615 209 3625 Ι
298 3558 332 3620 (3)
345 3557 419 3608 Cone.
433 3557 590 3624 Trid.,eess.
606 3559 673 3620 xxi,
688 3559 722 3606 Ee
733 3558 849 3621 reform„
861 3571 918 3620 cap.
938 3569 964 3610 u.
