2620 4258
496 358 570 406 PARS
591 355 755 406 sanctatis.
1058 357 1110 408 tit

138 494 220 540 auno
235 479 305 556 363,
319 477 352 538 in
367 494 431 557 quo
449 495 509 540 vox
527 475 781 539 musobstoatiolis
795 495 813 540 3
825 477 955 542 Nieaeno
968 476 1113 558 symbolo

138 579 294 654 expuncta
313 580 370 637 est.
388 609 428 622 -
446 573 629 656 Eptestnom
655 574 851 652 latrocinium,
877 594 960 638 anno
982 574 1114 650 traice

139 671 262 734 dietum
278 673 352 752 quia
367 672 412 734 ibi
428 674 460 734 S.
477 672 643 734 Flavianus
654 673 790 748 occisus,
803 681 833 737 et
843 673 937 754 legati
949 671 1112 736 Pontificis
1183 752 1185 757 s

138 769 248 849 fugati,
272 770 495 854 Eutyebiutmm
513 771 660 834 haeresim
675 772 836 834 stabilivit.
852 807 893 820 -
908 771 1113 836 Constantino-

134 868 299 949 politouam
314 871 431 949 duplex
444 885 528 930 anno
537 871 598 932 730
607 874 639 931 et
650 871 708 931 735
722 875 833 932 corrtra
847 888 950 933 sacras
960 869 1114 946 imagines

135 966 343 1029 celebratum.
362 1001 403 1013 -
415 967 560 1029 Poenum
576 984 659 1028 anno
679 970 754 1030 1511
776 967 978 1031 schismatica
1003 971 1114 1029 contra

135 1065 153 1126 J
158 1064 259 1126 ulium
271 1066 298 1127 11
308 1065 515 1128 celebratum.

399 1263 415 1328 fi
427 1261 452 1314 2.
472 1287 504 1302 -
514 1261 551 1316 Ite
564 1263 684 1318 coneilio
696 1263 844 1318 nationali.

66 1419 78 1440 ¹
174 1417 353 1482 Concilium
364 1417 527 1482 nationale
543 1425 590 1482 est
605 1420 747 1499 legitima
761 1418 965 1500 congregatio
979 1411 1113 1499 Episco-

10 1591 13 1598 ,
132 1534 249 1598 porum
259 1516 389 1597 integrae
402 1518 514 1598 gentis,
526 1517 752 1582 celebratasub
763 1518 968 1598 praesidentia
977 1517 1113 1580 Patriar-

132 1616 204 1679 cbae
221 1621 274 1678 aut
295 1616 442 1679 Primatis
466 1618 514 1679 vel
536 1617 657 1698 Legati,
681 1619 720 1679 ad
743 1617 874 1697 negotia
898 1615 1113 1679 ecclesiastica

134 1716 229 1796 hujus
241 1715 380 1778 nationis
394 1715 580 1778 ordinanda.
724 1785 729 1804 p

174 1816 197 1877 1.
225 1813 410 1876 Convocatio.
437 1846 477 1862 -·
501 1813 718 1876 conciliorum
740 1811 923 1894 hujusmodi
951 1831 1026 1875 usus
1053 1812 1114 1877 fuit

133 1912 282 1991 frequens
297 1912 330 1973 in
351 1912 467 1988 Airiea,
491 1912 592 1988 ltalia,
614 1914 713 1975 Gallia
734 1919 766 1975 et
779 1913 940 1992 Hispania.
964 1913 1114 1975 Veruma

133 2010 243 2073 multis
257 2011 381 2073 saeculis
395 2011 496 2073 rarius
509 2010 721 2076 celebrantur.

173 2109 294 2171 Piorum
309 2109 495 2171 convocatio
509 2127 574 2171 non
588 2109 775 2190 praecipitur
791 2125 809 2172 a
827 2107 965 2172 concilio
979 2108 1113 2171 Triden-

133 2207 213 2270 tino.
233 2209 303 2269 lmo
325 2205 394 2267 fieri
414 2207 525 2286 nequit
548 2207 616 2270 sine
639 2207 768 2268 licentia
792 2208 883 2270 Sedis
905 2207 1109 2288 Apostolicae,

133 2312 230 2387 prout
255 2305 329 2366 Pius
358 2305 398 2366 IX
424 2305 592 2385 Episcopis
620 2305 727 2367 Galliae
756 2305 930 2368 concilium
953 2305 1112 2368 nationale

132 2402 316 2485 petentibus
332 2402 498 2482 respondit
513 2395 565 2482 (1).
715 2399 718 2406 ’

173 2503 231 2566 ius
247 2501 445 2566 convocandi
460 2500 634 2579 concilium
654 2500 815 2564 nationale
836 2502 876 2564 ad
898 2503 1112 2566 ratriaroharn

138 2607 193 2665 aut
205 2601 379 2664 Primatem
393 2599 470 2663 olim
480 2600 659 2680 pertinebat
672 2603 710 2662 de
721 2618 877 2664 consensu
889 2603 926 2662 R.
936 2600 1109 2664 Pontifiois.

136 2701 227 2763 Nunc
249 2715 323 2762 vero
345 2716 419 2762 curn
441 2717 508 2761 non
521 2698 657 2762 existant
668 2699 843 2778 generatim
860 2697 1048 2762 Patriarcboe
1062 2699 1111 2760 131

8 2835 9 2846 2
134 2799 292 2861 Primates
302 2797 559 2878 jurisdictionem
578 2797 612 2859 in
633 2797 799 2860 ecclesiam
821 2795 1012 2858 nationalem
1026 2793 1111 2858 obti-

135 2902 260 2972 nentes,
284 2895 442 2977 ejusmodi
458 2895 630 2959 concilium
644 2913 663 2956 a
675 2895 830 2958 Pontifice
842 2895 890 2956 vel
903 2894 942 2956 ab
961 2894 1045 2956 illius
1055 2896 1112 2956 Le·

135 3001 209 3075 gato
223 2995 427 3058 indiceretur.

174 3096 213 3159 II.
233 3093 408 3157 Celebrutio.
423 3094 531 3157 -lus
548 3092 741 3173 praesidendi
761 3091 916 3172 competit
927 3091 956 3153 ei
968 3089 1023 3172 qui
1034 3108 1111 3154 con·

134 3197 236 3256 vocat.
260 3191 398 3254 Proinde
412 3189 616 3272 praesidentia
630 3189 758 3254 concilii
773 3189 942 3252 nationalis
962 3191 1002 3250 ad
1017 3191 1113 3269 Lega-

133 3297 204 3354 tum
219 3293 258 3354 R.
274 3290 413 3352 Ponticis
427 3294 559 3368 spectat.

174 3391 227 3454 111.
243 3387 425 3470 Peooqottto.
444 3421 484 3435 -
499 3387 533 3450 Si
551 3387 695 3450 Pontifex
714 3386 781 3468 ipse
801 3385 938 3450 concilio
960 3387 1111 3450 nationali

135 3486 311 3568 praefuerit,
327 3489 529 3552 decretorum
554 3485 743 3567 approbatio
768 3504 834 3549 non
854 3491 903 3550 est
921 3486 1107 3550 necessaria.

167 3650 199 3709 li)
219 3649 296 3702 Breve
317 3647 356 3700 Pii
379 3647 414 3699 lx
436 3646 476 3698 ld
495 3645 706 3713 orolriepiooopum
725 3647 900 3714 Parisienoem,
913 3648 1000 3700 datum
1018 3647 1110 3710 Caietae

134 3728 229 3794 (tert).
534 3729 536 3734 '
