2630 4250
489 288 563 334 PARS
585 290 748 337 SPECIALIS.
1054 295 1106 341 abl
1160 293 1162 300 '

129 404 254 465 bonum
267 403 430 482 religionis
441 403 530 481 juxta
544 405 696 468 Ecclesiae
710 408 955 486 vicissitudines,
973 428 1108 488 quarum

129 501 365 580 estspeoulum.

362 688 385 736 3.
397 685 577 736 inviolabilitas
585 685 680 746 jurium
694 685 820 738 primatus
833 689 873 750 (ll.

165 839 391 903 inviolabilitas
406 838 526 918 jurium
551 838 709 900 Primatus
733 844 914 901 constater
944 843 1106 919 sequenti-

125 937 188 998 bus
202 934 366 1016 principiis
381 954 387 994 :
651 941 654 948 '

164 1036 189 1095 1.
203 1035 252 1095 Ad
265 1035 433 1095 Summum
446 1027 643 1116 ,Pontificem
665 1038 787 1112 spectat
816 1039 1000 1112 supremum
1017 1035 1104 1113 judi-

122 1133 212 1202 cium
224 1134 264 1195 de
278 1131 360 1192 modo
373 1131 527 1194 exercendi
547 1150 637 1194 suam
659 1127 892 1200 auctoritatem.
918 1165 955 1178 -
975 1132 1103 1192 Etenim

123 1231 208 1292 istud
220 1230 378 1309 judicium
392 1229 610 1307 independens
631 1232 770 1310 pertinet
785 1231 825 1290 ad
848 1233 1041 1308 potestatem
1056 1247 1104 1290 su·

120 1345 265 1406 premam
278 1345 340 1406 qua
353 1333 504 1405 reguntur
519 1329 627 1388 omnia
648 1327 792 1390 membra
806 1327 967 1389 Ecclesiae.
993 1327 1099 1406 Atqui,

125 1441 162 1486 ex
172 1425 278 1486 verbis
293 1425 418 1498 Christi,
431 1425 539 1484 omnia
548 1425 692 1486 membra
706 1426 860 1487 Ecclesiae
875 1425 1011 1486 subsunt
1029 1442 1101 1486 auc-

120 1512 431 1596 toritatiPontiliois}
448 1521 486 1580 ab
500 1539 538 1582 eo
553 1523 743 1598 diriguntur,
757 1540 823 1584 non
844 1522 912 1599 ipse
926 1521 966 1582 ab
982 1519 1039 1581 eis.
1055 1521 1100 1580 Ex

121 1620 227 1683 verbis
240 1619 449 1681 conciliorum
475 1619 682 1696 generalium,
703 1639 732 1680 v.
756 1638 787 1698 g.
818 1619 953 1680 Consilii
968 1620 1101 1680 Floren-

120 1719 191 1796 tini,
203 1719 352 1780 Pontifex
366 1717 488 1780 obtinet
500 1719 627 1796 plenam
642 1723 834 1798 potestatem
847 1715 979 1796 regendi
991 1717 1099 1777 Eccle-

119 1818 211 1878 siam.
221 1817 291 1876 imo
299 1815 565 1877 ConciliumTrid.
579 1815 639 1876 ait:
657 1816 874 1878 ‹rAuetoritate
889 1815 1098 1892 etprudentia

120 1913 285 1976 Pontifieis
298 1916 464 1988 statuatur,
481 1913 568 1990 quod
583 1913 748 1974 universali
763 1913 914 1974 Ecclesiae
926 1912 1093 1990 expedit.»
1184 1908 1186 1911 ’

156 2013 197 2074 li.
222 2010 347 2072 Nemini
365 2010 440 2070 licet
460 2013 571 2070 contra
593 2009 773 2087 pontificias
798 2008 1041 2070 constitutiones
1066 2014 1097 2070 et

114 2109 289 2172 sententias
311 2127 340 2168 se
358 2107 567 2185 contumaciter
581 2107 728 2168 extollere.
743 2107 778 2168 ld
795 2105 936 2184 sequitur
949 2122 987 2165 ex
1003 2105 1096 2166 dictis

113 2213 149 2270 et
162 2225 202 2270 ex
211 2205 390 2268 traditionis
401 2221 504 2266 sensu.

154 2306 211 2365 Ill.
226 2307 295 2364 Non
313 2301 479 2383 appellatur
499 2301 540 2362 de
558 2301 715 2362 sententia
736 2293 912 2374 Pontifieis,
939 2299 1036 2360 etiam
1054 2300 1094 2360 ad

111 2403 288 2467 concilium
303 2401 457 2480 generale.
475 2433 516 2444 -
528 2398 695 2459 Probatur.
712 2399 743 2457 1⁰
758 2399 819 2458 Ista
833 2397 1005 2481 appellatio
1020 2403 1095 2475 pro-

19 2487 24 2498 ’
115 2501 245 2564 hibetur
263 2499 334 2578 jure
357 2497 522 2572 canonico,
549 2496 672 2558 scilicet
696 2493 819 2573 legibus
842 2494 1035 2556 Pontificum
1063 2499 1094 2554 et

112 2598 337 2661 conciliorum.
352 2627 393 2640 -
406 2599 438 2656 2⁰
450 2593 631 2655 Perniciosa
643 2591 848 2672 estregimini
861 2589 1026 2651 Ecclesiae.
1042 2589 1094 2650 Et·

111 2697 202 2760 enim
223 2712 281 2774 per
300 2710 371 2756 earn
392 2692 560 2766 auotoritas
581 2687 743 2750 Pontificis
761 2687 970 2748 labefactatur
993 2690 1024 2745 et
1045 2685 1094 2744 in-

106 2791 537 2858 ohedientiainultamanet.

18 2953 19 2970 ,
148 2891 292 2952 Exitiosa
310 2895 357 2950 est
373 2887 485 2950 unitati
506 2884 669 2972 Ecclesia,
690 2882 763 2961 quia
782 2879 909 2942 facilem
927 2878 1092 2941 schismati

18 2995 19 3002 ’
108 2989 241 3052 aditum
258 2987 368 3066 aperit.
384 2985 524 3046 Exitiosa
537 2987 585 3044 est
600 2981 684 3056 fidei,
699 2997 773 3041 nam
789 2995 849 3057 ope
859 2977 942 3038 illius
955 2977 1091 3038 haereses

105 3087 242 3164 impune
262 3089 493 3162 spargerentur.
512 3110 553 3129 -ω
566 3078 597 3140 3⁰
614 3074 803 3156 Hujusmodi
818 3071 989 3150 appellatio
1003 3071 1090 3132 nulla

106 3188 169 3268 est,
184 3165 252 3245 sive
265 3182 340 3261 quia
352 3180 498 3241 Pontifex
514 3195 578 3238 non
595 3175 691 3240 habet
708 3171 906 3251 superiorem
925 3169 959 3228 in
980 3169 1090 3230 Eccle-

103 3283 174 3355 sia;
192 3281 256 3342 sive
270 3279 344 3359 quia
358 3279 545 3356 plerumque
559 3291 625 3335 non
640 3270 746 3332 existit
757 3269 855 3348 judex
868 3268 907 3328 ad
923 3283 1018 3344 quem
1034 3284 1089 3346 ap·

103 3379 258 3458 pellatur,
288 3391 404 3454 nempe
436 3370 618 3436 concilium.
653 3366 791 3430 Proinde
826 3365 1020 3446 appellantes
1054 3364 1087 3424 id

107 3613 114 3624 .
137 3550 175 3614 (1)
189 3547 317 3606 ballerini,
332 3548 364 3597 de
380 3547 502 3596 Potestote
514 3541 689 3602 ecclesiastico,
702 3551 757 3600 cap.
771 3549 788 3588 t.
802 3563 832 3574 -
843 3535 955 3594 Barruel,
969 3532 1002 3582 da
1017 3532 1088 3594 Papo

98 3630 181 3696 etde
193 3643 233 3679 ses
246 3628 329 3678 droite
340 3626 475 3690 relictam,
489 3628 508 3675 t.
522 3625 540 3672 Ι.
599 3648 601 3652 v
