2630 4250
496 165 570 209 PARS
593 165 756 210 SPECIALIS.
1060 169 1111 214 923

174 282 289 343 Eorum
302 283 408 362 speeies
421 291 451 343 et
462 281 615 342 institutio
627 315 665 328 -
676 284 755 344 Sunt
765 283 966 362 coadjutores
978 284 1115 362 duplicis
1127 317 1129 322 ·

137 379 274 459 generis3
304 380 357 439 alii
386 379 470 440 enim
502 380 740 442 constituuntur
767 379 806 440 od
830 389 955 461 tempos,
994 381 1115 442 seilicet

133 477 274 554 quandiu
290 477 464 554 Episcopus
479 476 611 551 vixerit;
642 477 696 538 alii
718 493 793 539 vero
819 484 890 539 sunl
915 478 1115 556 coadjutores

134 573 274 654 perpetui,
293 575 346 652 qui
362 579 488 635 mortuo
498 573 658 652 Episcopo
674 574 706 633 in
723 575 789 653 ejus
803 566 911 636 locum
926 576 1112 636 succedunt.
1195 573 1197 582 '

32 667 33 690 ³
132 674 271 750 'Uterque
284 673 450 750 coadjutor
460 671 634 750 episcopali
651 671 833 734 charactere
844 673 1009 752 insignitus
1024 677 1115 734 estet

134 770 305 830 aRomano
327 769 481 830 Pontifice
496 768 686 832 instituitur.
714 771 779 831 Illis
806 771 983 848 assignatur
1005 771 1113 831 titulus

136 865 466 945 cujusdamEeolesiae
490 865 520 926 in
541 866 679 946 partibas
696 867 872 949 infidelium,
897 887 938 930 ne
960 869 1023 930 duo
1037 868 1114 947 Epi·

128 963 218 1042 scopi
235 965 400 1025 videantur
413 965 559 1025 eamdem
574 965 683 1026 sedem
705 982 873 1044 occupare.
891 967 928 1026 In
947 967 991 1026 eis
1007 967 1113 1044 requi-

129 1067 240 1123 runtur
257 1063 348 1122 dotes
360 1061 570 1140 episcopales
781 1073 783 1078 '
855 1138 856 1141 Ἴ
1112 1114 1113 1120 ,

169 1157 364 1240 Cocdjnlorta
379 1159 548 1240 temporatia
560 1161 600 1220 ad
623 1159 719 1219 vitam
736 1159 876 1236 coadjuti
899 1164 1023 1220 tanturn
1043 1175 1113 1236 per·

127 1257 426 1336 durat,Coadjutor
441 1258 481 1317 ad
506 1262 633 1336 tempus
655 1255 771 1316 dicitur
793 1256 1009 1336 saffraganeus,
1037 1271 1109 1316 oum

129 1355 296 1438 Episcopo,
324 1355 413 1434 cujus
442 1355 587 1416 dioecesis
601 1355 664 1416 late
689 1358 787 1432 patet,
804 1354 958 1414 auxilium
981 1357 1112 1430 praestet

126 1453 304 1530 prasertim
320 1451 354 1511 in
374 1451 590 1514 functionibus
608 1451 717 1520 sacris.

166 1547 391 1628 Coadjutcriam
405 1556 587 1628 perpetuom,
599 1565 661 1626 qna
673 1549 835 1608 confertur
846 1548 898 1626 jus
912 1548 1026 1608 futuras
1040 1562 1111 1606 suc·

122 1645 289 1720 cessionis,
321 1646 499 1706 Concilium
529 1645 750 1708 'tridentinum
780 1645 813 1704 in
841 1645 909 1705 aliis
947 1643 1109 1704 beneficiis

125 1743 296 1823 abrogavit,
329 1744 362 1802 in
392 1744 543 1805 Ecclesiis
573 1761 647 1804 vero
689 1743 923 1804 cathedralibus
951 1741 1105 1821 permisit.

126 1841 322 1920 coadjutoris
337 1842 506 1902 auotoritas
517 1841 742 1920 complectitur
754 1858 791 1901 ea
802 1841 919 1919 quibus
932 1839 1106 1919 Episcopus
1156 1886 1158 1889 .

124 1935 223 2016 impar
238 1943 294 1999 est.
310 1937 342 1998 Si
358 1939 451 1998 datus
466 1938 507 2000 sit
523 1937 681 2016 Episcopo
701 1937 831 2012 amenti,
857 1939 985 2016 plenam
1010 1936 1108 1997 habet

33 2031 35 2044 '
124 2033 578 2111 potestatemadministrandae
589 2034 745 2096 dioecesis.
761 2033 876 2096 Sivero
892 2039 1014 2094 ratione
1024 2051 1107 2112 prae-

32 2179 34 2216 j
123 2130 203 2192 ditus
218 2131 261 2192 sit
274 2132 461 2209 Episcopus,
477 2149 544 2192 non
561 2117 656 2192 dehet
682 2131 851 2208 coadjutor
865 2148 898 2190 se
922 2130 1103 2191 immiscere

33 2229 34 2256 ³
123 2227 201 2288 iniis
217 2228 355 2308 negotiis
366 2245 437 2308 quae
453 2228 579 2305 adjutus
592 2227 659 2288 vult
671 2243 728 2303 per
741 2243 774 2286 se
787 2227 947 2304 expedire.

315 2438 370 2502 §²-
390 2465 421 2476 -
442 2437 479 2489 lle
493 2449 615 2503 persona
630 2435 733 2487 Summi
749 2435 901 2488 Pontificio.
966 2466 969 2473 ·

157 2613 180 2664 l.
195 2611 234 2666 Dc
247 2610 391 2666 electione
403 2609 516 2666 Summi
525 2609 681 2666 pontificis.

155 2700 182 2752 2.
193 2699 232 2754 lle
246 2697 327 2754 illius
339 2697 544 2772 praerogativis.

152 2787 180 2840 3.
191 2787 231 2842 Ile
244 2786 399 2843 amissione
412 2785 599 2844 Pontificatus
611 2784 743 2844 maximi.

228 3051 230 3054 ,
304 2992 418 3050 Qunsrro
434 2993 466 3041 1⁸.
484 3017 515 3026 -
529 2992 565 3040 Da
583 2992 613 3040 R.
626 2993 766 3040 Pourrrrcrs
781 2999 924 3036 unacrroue.

154 3159 175 3211 l.
188 3158 227 3214 De
245 3161 386 3229 potestate
405 3159 439 3214 R.
459 3157 604 3224 Pontificis
619 3157 697 3212 eirca
711 3155 885 3211 electionem
910 3150 955 3206 sui
982 3163 1095 3205 succes-

122 3257 148 3298 so
189 3285 197 3301 .

149 3260 229 3388 {lene
238 3331 296 3404 illis
310 3333 415 3405 quibus
425 3333 563 3404 competit
575 3333 624 3406 jus
634 3329 760 3402 eligendi
773 3330 807 3386 R.
818 3327 997 3384 Pontificem.

152 3421 176 3474 3.
190 3421 229 3478 lle
239 3421 297 3478 ritu
307 3421 467 3478 electionis.
