2588 4272
426 293 500 345 PARS
521 291 700 342 causatus,
1022 291 1056 340 tt

84 413 151 492 cius
181 411 389 475 substantiam
416 413 558 493 attingit;
585 413 717 474 modum
744 429 816 474 vera
838 411 979 476 Ecclesia
1004 413 1059 474 de·

84 511 198 576 eemils

123 609 335 672 amalechitis
353 614 400 672 est
419 609 586 690 disciplina
607 609 759 672 Ecclesiae
786 610 924 690 propria.
957 607 1058 670 Nimi-

85 726 155 769 rum
169 726 206 770 ea
223 727 296 786 quae
306 708 387 786 juris
400 708 498 770 divini
512 714 595 782 sunt,
615 709 711 770 certis
726 709 830 770 modis
844 709 1059 770 determinan-

82 812 141 881 tur,
158 805 204 866 ita
221 811 258 866 ut
272 805 465 888 immutabili
480 806 654 884 Religionis
669 806 852 868 substantia
862 821 989 886 semper
1005 806 1059 865 ad-

82 903 202 965 haereat
226 902 347 980 aliquid
376 903 528 965 mutabile
553 908 586 965 ct
606 904 875 980 accidentarinm;
905 903 991 982 quod
1018 903 1058 963 ad

82 999 317 1064 iustitutionem
327 1000 478 1062 Ecclesia
496 1001 643 1077 refertur,
665 1007 697 1063 et
717 1002 829 1081 inquo
853 1000 991 1062 maxime
1011 1003 1059 1061 est

83 1100 163 1162 ratio
179 1079 359 1178 di'sciplihae
378 1116 465 1162 merc
482 1098 716 1162 ecclesiastica.

120 1197 263 1260 Plurima
277 1201 449 1258 occurrunt
462 1197 616 1276 exempla.
631 1197 676 1258 De
687 1197 749 1258 tide
760 1200 808 1258 est
819 1197 854 1257 lt.
870 1194 1058 1257 Pontificem

85 1295 248 1375 Episcopis
274 1310 430 1374 praesse3
458 1310 567 1355 verum
594 1293 724 1355 diversis
749 1279 882 1355 uinculis
901 1293 1058 1354 Primatus

86 1393 166 1473 ipsos
188 1393 385 1454 moderatur.
409 1393 530 1472 Dogma
552 1393 645 1453 docet
670 1391 845 1471 Episcopos
866 1390 1058 1470 presbyteris

87 1491 261 1570 superiores
284 1507 369 1565 esse;
394 1489 560 1568 multiplex
581 1494 689 1550 autem
702 1492 751 1550 cst
770 1489 872 1550 torma
890 1485 1058 1549 ministerii

87 1589 133 1651 cui
148 1589 331 1651 sacerdotes
345 1586 384 1649 ab
398 1587 557 1666 Episcopo
567 1585 801 1648 adscribuntur.
817 1586 971 1648 Dominus
983 1602 1059 1647 con-

87 1687 160 1748 siliis
174 1685 363 1766 evangelicis
387 1685 497 1746 fidelos
509 1686 548 1746 ad
574 1689 690 1746 statum
706 1683 890 1764 religiosum
905 1683 1055 1758 adduxit3

88 1787 138 1846 sed
151 1784 229 1846 varii
244 1788 318 1844 sunt
335 1782 462 1844 ordines
483 1783 641 1861 regulares
660 1781 699 1843 ab
719 1782 861 1844 Ecclesia
878 1781 1056 1862 approbati.

87 1883 225 1946 Christus
250 1882 380 1962 quidem
403 1882 568 1944 materiam
590 1887 622 1943 et
639 1882 775 1942 formam
789 1885 1059 1942 sacramentorum
1104 1939 1105 1943 ,

86 1981 234 2053 instituit;
247 1997 356 2042 eorum
366 1997 439 2042 vero
449 1979 633 2042 substantiae
644 1979 800 2040 accedunt
812 1977 890 2039 ritus
899 1983 930 2040 et
941 1979 1058 2058 regulae

85 2079 285 2160 disciplinam
300 2077 546 2140 ecclesiasticam
561 2077 777 2156 respicientes.

122 2179 175 2240 lv.
193 2176 547 2257 Regulaedcdisciplina
559 2172 1056 2256 mutabiliEcclesi'aepropriam).

123 2275 239 2356 Reputo
254 2277 295 2336 1¹.
312 2309 353 2322 -
375 2274 518 2338 Ecclesia
537 2269 666 2353 judicat
685 2273 762 2353 quid
790 2273 887 2334 divini
905 2273 985 2353 juris
1005 2281 1059 2337 aut

88 2373 261 2453 disciplinae
282 2373 333 2435 sit.
357 2371 484 2435 Etenim
500 2372 611 2434 eadem
627 2375 766 2450 potestas
776 2389 864 2434 sacra
878 2389 949 2450 quae
964 2373 1060 2446 exiu-

87 2471 247 2534 stitutione
260 2471 374 2535 Christi
384 2471 422 2532 de
436 2471 500 2532 lide
509 2457 716 2531 infallibiliter
723 2470 856 2550 judicat,
872 2471 939 2550 pari
953 2475 1059 2533 aucto·

89 2569 177 2632 ritate
205 2569 336 2632 delinire
363 2574 469 2649 potest
492 2573 600 2630 utrum
615 2567 781 2648 quidpiam
801 2569 841 2629 ad
858 2569 1059 2647 disciplinam

88 2667 267 2732 variabilem
282 2673 335 2730 aut
356 2667 396 2728 ad
417 2667 469 2748 jus
491 2667 633 2728 divinum
659 2665 858 2728 immutabile
880 2645 1055 2746 pertinoat3

91 2783 177 2829 secus
202 2767 289 2828 enim
311 2765 336 2826 si
352 2765 430 2844 quid
444 2765 550 2827 divino
562 2765 626 2845 juri
647 2765 780 2826 adderet
796 2765 846 2826 vel
867 2763 1057 2839 detraheret,

92 2866 161 2928 satis
178 2866 335 2928 instructa
358 2881 423 2926 non
449 2869 532 2926 esset
548 2865 587 2925 ad
604 2864 828 2926 declarandam
852 2863 956 2942 legem
981 2859 1061 2922 divi·

93 2981 171 3040 nam,
188 2981 223 3026 ao
233 2963 345 3025 fideles
357 2961 418 3024 rite
431 2962 592 3024 docendos
606 2966 638 3024 et
652 2961 845 3042 dirigendos.

127 3061 237 3143 Reputo
258 3065 302 3122 2¹.
317 3092 357 3107 ·-
374 3061 517 3121 Potestas
537 3059 696 3122 statuendi
716 3066 747 3121 et
765 3058 909 3121 mutandi
931 3075 968 3120 ea
987 3073 1059 3137 quaa

96 3167 160 3222 sunt
173 3145 322 3222 distincta
337 3159 435 3238 ajuro
450 3157 557 3220 divino
570 3164 601 3220 et
610 3158 760 3220 Ecclesia
774 3155 973 3235 disciplinam
985 3175 1060 3236 pro·

97 3260 157 3338 pria
174 3258 294 3320 dictam
313 3256 465 3333 alliciunt,
489 3255 627 3336 pertinet
647 3257 688 3316 ad
706 3272 760 3317 eos
781 3254 896 3334 quibus
919 3255 1060 3319 Ecclesia

144 3357 214 3419 itur.

97 3373 240 3538 Pegltepolc
260 3457 304 3517 3⁸.
320 3483 359 3501 -
374 3454 450 3526 Quae
469 3452 511 3516 sit
521 3427 607 3534 justa
617 3452 699 3517 ratio
712 3451 902 3516 immutandi
918 3453 966 3516 vel
980 3469 1058 3515 oon·

122 3659 155 3728 (t)
164 3661 299 3722 zsllingert
313 3657 362 3708 lus
373 3657 563 3708 ecclesiasticum
571 3657 708 3722 publicum,
719 3670 777 3722 cap.
792 3668 820 3707 x.
