2630 4250
782 1 1007 17 ’Ἦ

1013 15 1106 39 ,4--

491 153 565 198 PARS
588 150 752 196 sanctatis.
1060 147 1110 194 191

169 271 375 350 lianolegem
388 263 802 332 Concilium'l'ridentinum
818 265 987 328 innovavit.
1003 268 1112 346 ltaque

129 367 370 432 matrimonium
387 373 461 447 post
471 367 607 446 maiores
619 365 747 427 ordines
759 365 826 444 jam
846 369 1009 442 susceptos
1027 365 1113 426 inva-

18 479 20 549 ᾗ
128 465 234 526 lidum
247 471 305 537 cst,
323 471 355 528 et
368 465 461 526 simul
476 465 743 544 irregularitatem
756 463 890 524 inducit.
906 463 982 524 Post
996 461 1112 537 initum

17 581 18 606 ἢ
128 565 370 626 matrimonium
385 569 472 626 extra
486 564 595 625 casum
609 562 769 642 bigamiae,
790 577 886 622 nemo
907 565 1113 639 promovetur

16 717 17 720 ,
128 661 169 720 ad
187 661 329 738 ordines,
357 661 418 722 nisi
443 678 523 722 uxor
549 660 729 722 consentiat
758 663 789 721 ct
812 659 988 720 castitatem
1012 657 1110 736 profi-

129 765 243 822 teatur.

485 911 713 996 ARTwULUs
723 909 752 964 11

391 1069 426 1108 DE
445 1067 608 1108 linteamin
627 1071 659 1108 ΕΤ
677 1067 848 1108 obuolutum.

168 1222 330 1301 Majoritas
354 1239 409 1283 seu
433 1198 676 1300 praeeminentia
698 1221 914 1300 superioribus
935 1221 1107 1298 competit3

128 1319 315 1408 obedientia
329 1325 360 1380 et
369 1320 546 1382 reverentia
559 1320 604 1382 ab.
614 1319 817 1383 interioribus
830 1317 1007 1380 exhibetur.

163 1457 179 1518 ἓ
202 1457 228 1508 l.
248 1453 288 1507 lle
301 1453 480 1538 majoritate.

162 1545 178 1607 ἓ
201 1545 228 1596 2.
250 1540 478 1597 Deobedientia.

905 1677 919 1716 a

293 1758 322 1820 -ξ
338 1755 363 1805 t.
378 1783 408 1791 -
423 1754 460 1807 lle
473 1755 637 1822 majoritate
654 1767 704 1806 seu
719 1754 918 1821 procedentia.

168 1929 193 1989 l.
210 1925 333 2006 Requloe
346 1923 493 2005 qeneroles
506 1941 544 1985 ex
558 1923 673 2002 quibus
688 1923 866 1985 desumitur
881 1923 1042 2002 majoritas
1060 1943 1066 1984 :
1125 1956 1127 1959 ·

170 2027 198 2083 l.
213 2025 295 2083 Ante
311 2022 420 2083 omnia
433 2021 627 2083 attendenda
644 2027 692 2083 est
706 2020 832 2102 dr‘qnitos
846 2027 877 2082 et
887 2022 1080 2100 jurisdictio.

169 2123 199 2181 2.
215 2121 301 2180 Inter
314 2137 379 2194 eos,
392 2119 447 2198 qui
461 2118 614 2200 dignitate
629 2124 702 2180 sunt
715 2137 819 2198 parce,
834 2119 906 2180 ordo
916 2120 1018 2200 major
1027 2138 1111 2200 prae·

128 2219 227 2280 iertur
245 2217 373 2279 minori.
639 2299 641 2304 ι
1111 2287 1113 2294 Ι

115 2307 117 2313 ’
170 2319 198 2380 3.
215 2313 388 2394 Caeteribus
414 2313 553 2394 paribuS,
581 2313 793 2392 majoritatem
807 2316 920 2400 tribuit
940 2318 1110 2396 antiquitas
1213 2363 1215 2378 .

32 2488 33 2492 ¹
134 2431 186 2476 seu
194 2413 339 2496 prioritas
360 2411 505 2492 tenpore,
528 2411 622 2473 itaut
636 2411 662 2471 is
677 2415 850 2491 praeccd'at,
877 2415 929 2494 qui
946 2417 1034 2494 prius
1050 2417 1111 2478 luit

13 2547 17 2570 .
129 2511 348 2572 ordinatusvcl
359 2510 530 2584 institutus;
541 2511 748 2589 v.g.scniores
759 2513 889 2594 parochi
901 2515 1111 2591 praescruntur

126 2607 316 2686 junioribus,
346 2610 496 2668 Attamen
511 2625 548 2668 cx
562 2607 656 2668 titulo
677 2607 1003 2688 dr'qurbrt'sordiouutis,
1026 2611 1111 2672 ordi-

131 2708 346 2786 natusaPapa
359 2709 491 2768 caetcros
504 2705 668 2784 precedit.
1185 2783 1186 2786 Ἴ

169 2807 199 2863 d.
217 2803 468 2864 Praecedentiam
494 2803 607 2865 tribuit
621 2804 716 2865 etiam
740 2803 957 2886 privilegium
985 2807 1030 2871 sic
1055 2826 1112 2887 pa·
1181 2873 1183 2878 ,

129 2901 318 2962 triarchatus
332 2901 699 2981 constantinopolitanus
720 2901 822 2994 tribus
846 2903 1006 2982 prioribus
1029 2925 1111 2984 prae·

131 2999 238 3062 tertur.

12 3149 14 3189 ί
169 3099 206 3160 ll.
224 3099 308 3159 Ordo
321 3097 544 3176 praecedentia
559 3097 592 3157 in
604 3097 736 3160 Ecclesia
748 3098 909 3161 universali
919 3120 932 3161 :

102 3214 104 3220 ·
167 3193 322 3252 ‘Summus
339 3191 484 3253 Pontifex
498 3207 608 3252 omncs
624 3193 657 3251 in
677 3193 819 3254 Ecclesia
833 3196 1001 3274 praecedit.
1034 3199 1110 3262 Pro-

13 3341 14 3358 .
129 3289 217 3350 ximo
238 3289 310 3350 loco
333 3293 406 3367 post
422 3287 527 3365 ipsum
546 3289 722 3350 consistunt
751 3281 1108 3375 cardinales-Episcopi,

132 3382 321 3462 Presbyteri,
340 3381 482 3455 Diaconi,
500 3381 575 3460 quia
588 3398 662 3444 oum
677 3383 829 3448 Pontiflce
849 3386 1027 3466 gubernant
1039 3391 1111 3452 uni-

133 3495 253 3541 versam
267 3479 454 3558 Ecclesiam,
471 3481 503 3541 et
521 3495 619 3542 unum
633 3497 707 3544 oum
723 3498 761 3545 eo
772 3499 887 3562 corpus
902 3489 1108 3552 constituunt.
