<?xml version="1.0" encoding="UTF-8"?>
<!DOCTYPE html PUBLIC "-//W3C//DTD XHTML 1.0 Transitional//EN"
    "http://www.w3.org/TR/xhtml1/DTD/xhtml1-transitional.dtd">
<html xmlns="http://www.w3.org/1999/xhtml" xml:lang="en" lang="en">
 <head>
  <title>
</title>
<meta http-equiv="Content-Type" content="text/html;charset=utf-8" />
  <meta name='ocr-system' content='tesseract 3.04.00' />
  <meta name='ocr-capabilities' content='ocr_page ocr_carea ocr_par ocr_line ocrx_word'/>
</head>
<body>
  <div class='ocr_page' id='page_1' title='image "./expositiomethod00hugugoog_0271.png"; bbox 0 0 2630 4250; ppageno 0'>
   <div class='ocr_carea' id='block_1_1' title="bbox 221 194 1029 246">
    <p class='ocr_par' dir='ltr' id='par_1_1' title="bbox 221 194 1029 246">
     <span class='ocr_line' id='line_1_1' title="bbox 221 194 1029 246; baseline 0 -4"><span class='ocrx_word' id='word_1_1' title='bbox 221 200 277 246; x_wconf 63' lang='grc' dir='ltr'><strong>Ιξ36</strong></span> <span class='ocrx_word' id='word_1_2' title='bbox 390 197 547 244; x_wconf 79' lang='grc' dir='ltr'>ΕΧΡο81Τ10</span> <span class='ocrx_word' id='word_1_3' title='bbox 565 194 748 242; x_wconf 71' lang='lat' dir='ltr'><strong>uuuflomca</strong></span> <span class='ocrx_word' id='word_1_4' title='bbox 767 195 851 242; x_wconf 72' lang='lat' dir='ltr'><strong>tuuis</strong></span> <span class='ocrx_word' id='word_1_5' title='bbox 871 195 1029 242; x_wconf 74' lang='lat' dir='ltr'><strong>cademot.</strong></span> 
     </span>
    </p>
   </div>
   <div class='ocr_carea' id='block_1_2' title="bbox 221 307 1204 492">
    <p class='ocr_par' dir='ltr' id='par_1_2' title="bbox 221 307 1204 492">
     <span class='ocr_line' id='line_1_2' title="bbox 223 307 1204 396; baseline -0.003 -16"><span class='ocrx_word' id='word_1_6' title='bbox 223 319 312 380; x_wconf 89' lang='lat' dir='ltr'><strong>Sicut</strong></span> <span class='ocrx_word' id='word_1_7' title='bbox 337 333 412 396; x_wconf 85' lang='lat' dir='ltr'><strong>ergo</strong></span> <span class='ocrx_word' id='word_1_8' title='bbox 434 307 580 378; x_wconf 79' lang='lat' dir='ltr'><strong>Pontifex</strong></span> <span class='ocrx_word' id='word_1_9' title='bbox 594 312 661 376; x_wconf 89' lang='lat' dir='ltr'><strong>sine</strong></span> <span class='ocrx_word' id='word_1_10' title='bbox 679 313 841 392; x_wconf 78' lang='lat' dir='ltr'>superiore</span> <span class='ocrx_word' id='word_1_11' title='bbox 861 312 993 375; x_wconf 89' lang='lat' dir='ltr'><strong>homine</strong></span> <span class='ocrx_word' id='word_1_12' title='bbox 1012 314 1204 392; x_wconf 65' lang='lat' dir='ltr'><strong>instituitur,</strong></span> 
     </span>
     <span class='ocr_line' id='line_1_3' title="bbox 221 410 989 492; baseline -0.004 -16"><span class='ocrx_word' id='word_1_13' title='bbox 221 416 265 478; x_wconf 82' lang='lat' dir='ltr'><strong>ita</strong></span> <span class='ocrx_word' id='word_1_14' title='bbox 279 413 388 487; x_wconf 81' lang='lat' dir='ltr'><strong>etiam,</strong></span> <span class='ocrx_word' id='word_1_15' title='bbox 402 412 470 476; x_wconf 91' lang='lat' dir='ltr'><strong>sine</strong></span> <span class='ocrx_word' id='word_1_16' title='bbox 482 411 656 492; x_wconf 78' lang='lat' dir='ltr'><strong>superiore,</strong></span> <span class='ocrx_word' id='word_1_17' title='bbox 670 410 802 490; x_wconf 85' lang='lat' dir='ltr'><strong>Papetui</strong></span> <span class='ocrx_word' id='word_1_18' title='bbox 817 410 989 473; x_wconf 80' lang='lat' dir='ltr'><strong>renuntiat.</strong></span> 
     </span>
    </p>
   </div>
   <div class='ocr_carea' id='block_1_3' title="bbox 48 509 1310 686">
    <p class='ocr_par' dir='ltr' id='par_1_3' title="bbox 48 509 1310 686">
     <span class='ocr_line' id='line_1_4' title="bbox 259 509 1310 590; baseline 0 -18"><span class='ocrx_word' id='word_1_19' title='bbox 259 510 432 572; x_wconf 87' lang='lat' dir='ltr'><strong>Renuntiat</strong></span> <span class='ocrx_word' id='word_1_20' title='bbox 449 514 568 588; x_wconf 89' lang='lat' dir='ltr'><strong>autem,</strong></span> <span class='ocrx_word' id='word_1_21' title='bbox 583 521 649 570; x_wconf 86' lang='lat' dir='ltr'><strong>non</strong></span> <span class='ocrx_word' id='word_1_22' title='bbox 669 514 827 588; x_wconf 76' lang='lat' dir='ltr'><strong>potestate</strong></span> <span class='ocrx_word' id='word_1_23' title='bbox 841 509 981 570; x_wconf 88' lang='lat' dir='ltr'><strong>humana</strong></span> <span class='ocrx_word' id='word_1_24' title='bbox 996 527 1066 587; x_wconf 78' lang='lat' dir='ltr'><strong>quae</strong></span> <span class='ocrx_word' id='word_1_25' title='bbox 1083 511 1205 590; x_wconf 85' lang='lat' dir='ltr'><strong>prima-</strong></span> <span class='ocrx_word' id='word_1_26' title='bbox 1309 545 1310 548; x_wconf 61' lang='lat'><em>=</em></span> 
     </span>
     <span class='ocr_line' id='line_1_5' title="bbox 48 605 1207 686; baseline 0 -16"><span class='ocrx_word' id='word_1_27' title='bbox 48 669 55 686; x_wconf 68' lang='grc'>,</span> <span class='ocrx_word' id='word_1_28' title='bbox 107 676 110 681; x_wconf 56' lang='grc'>,</span> <span class='ocrx_word' id='word_1_29' title='bbox 219 615 289 670; x_wconf 89' lang='lat' dir='ltr'><strong>tum</strong></span> <span class='ocrx_word' id='word_1_30' title='bbox 307 607 459 673; x_wconf 90' lang='lat' dir='ltr'><strong>divinitus</strong></span> <span class='ocrx_word' id='word_1_31' title='bbox 477 605 631 670; x_wconf 88' lang='lat' dir='ltr'><strong>collatum</strong></span> <span class='ocrx_word' id='word_1_32' title='bbox 649 606 773 670; x_wconf 86' lang='lat' dir='ltr'><strong>auferre</strong></span> <span class='ocrx_word' id='word_1_33' title='bbox 789 606 910 684; x_wconf 85' lang='lat' dir='ltr'><strong>nequit,</strong></span> <span class='ocrx_word' id='word_1_34' title='bbox 935 608 989 670; x_wconf 88' lang='lat' dir='ltr'><strong>sed</strong></span> <span class='ocrx_word' id='word_1_35' title='bbox 1007 609 1164 686; x_wconf 70' lang='lat' dir='ltr'><strong>potestate</strong></span> <span class='ocrx_word' id='word_1_36' title='bbox 1188 627 1207 669; x_wconf 85' lang='lat' dir='ltr'><strong>a</strong></span> 
     </span>
    </p>
   </div>
   <div class='ocr_carea' id='block_1_4' title="bbox 219 703 1206 1275">
    <p class='ocr_par' dir='ltr' id='par_1_4' title="bbox 219 703 1206 1275">
     <span class='ocr_line' id='line_1_6' title="bbox 219 703 1204 785; baseline -0.001 -17"><span class='ocrx_word' id='word_1_37' title='bbox 219 709 286 768; x_wconf 88' lang='lat' dir='ltr'><strong>Deo</strong></span> <span class='ocrx_word' id='word_1_38' title='bbox 295 711 428 785; x_wconf 87' lang='lat' dir='ltr'><strong>accepta</strong></span> <span class='ocrx_word' id='word_1_39' title='bbox 441 704 593 778; x_wconf 84' lang='lat' dir='ltr'><strong>faciendi,</strong></span> <span class='ocrx_word' id='word_1_40' title='bbox 610 709 765 783; x_wconf 83' lang='lat' dir='ltr'><strong>quatenus</strong></span> <span class='ocrx_word' id='word_1_41' title='bbox 777 709 825 768; x_wconf 85' lang='lat' dir='ltr'><strong>est</strong></span> <span class='ocrx_word' id='word_1_42' title='bbox 839 703 955 767; x_wconf 78' lang='lat' dir='ltr'><strong>Christi</strong></span> <span class='ocrx_word' id='word_1_43' title='bbox 965 705 1120 782; x_wconf 88' lang='lat' dir='ltr'><strong>Viearius,</strong></span> <span class='ocrx_word' id='word_1_44' title='bbox 1132 723 1204 768; x_wconf 89' lang='lat' dir='ltr'><strong>om·</strong></span> 
     </span>
     <span class='ocr_line' id='line_1_7' title="bbox 219 802 1202 892; baseline 0.003 -27"><span class='ocrx_word' id='word_1_45' title='bbox 219 805 271 865; x_wconf 89' lang='lat' dir='ltr'><strong>nia</strong></span> <span class='ocrx_word' id='word_1_46' title='bbox 294 823 364 884; x_wconf 89' lang='lat' dir='ltr'><strong>quae</strong></span> <span class='ocrx_word' id='word_1_47' title='bbox 385 805 425 864; x_wconf 86' lang='lat' dir='ltr'><strong>ad</strong></span> <span class='ocrx_word' id='word_1_48' title='bbox 445 809 565 864; x_wconf 87' lang='lat' dir='ltr'><strong>rectam</strong></span> <span class='ocrx_word' id='word_1_49' title='bbox 584 803 736 864; x_wconf 78' lang='lat' dir='ltr'><strong>Ecclesiae</strong></span> <span class='ocrx_word' id='word_1_50' title='bbox 749 802 1012 881; x_wconf 81' lang='lat' dir='ltr'><strong>gubernationem</strong></span> <span class='ocrx_word' id='word_1_51' title='bbox 1020 803 1202 892; x_wconf 84' lang='lat' dir='ltr'><strong>pertinent.</strong></span> 
     </span>
     <span class='ocr_line' id='line_1_8' title="bbox 221 900 1205 976; baseline -0.001 -12"><span class='ocrx_word' id='word_1_52' title='bbox 221 903 511 976; x_wconf 83' lang='lat' dir='ltr'><strong>Quemadmodum,</strong></span> <span class='ocrx_word' id='word_1_53' title='bbox 527 902 630 962; x_wconf 86' lang='lat' dir='ltr'><strong>electo</strong></span> <span class='ocrx_word' id='word_1_54' title='bbox 644 900 874 974; x_wconf 86' lang='lat' dir='ltr'><strong>consentiente,</strong></span> <span class='ocrx_word' id='word_1_55' title='bbox 894 918 1055 962; x_wconf 91' lang='lat' dir='ltr'><strong>summum</strong></span> <span class='ocrx_word' id='word_1_56' title='bbox 1068 903 1205 963; x_wconf 87' lang='lat' dir='ltr'><strong>Pontifi-</strong></span> 
     </span>
     <span class='ocr_line' id='line_1_9' title="bbox 222 998 1206 1074; baseline -0.003 -11"><span class='ocrx_word' id='word_1_57' title='bbox 222 1007 328 1064; x_wconf 86' lang='lat' dir='ltr'><strong>catum</strong></span> <span class='ocrx_word' id='word_1_58' title='bbox 346 1001 428 1062; x_wconf 88' lang='lat' dir='ltr'><strong>Deus</strong></span> <span class='ocrx_word' id='word_1_59' title='bbox 448 998 534 1060; x_wconf 91' lang='lat' dir='ltr'><strong>solus</strong></span> <span class='ocrx_word' id='word_1_60' title='bbox 556 998 584 1060; x_wconf 91' lang='lat' dir='ltr'><strong>ei</strong></span> <span class='ocrx_word' id='word_1_61' title='bbox 605 999 741 1074; x_wconf 88' lang='lat' dir='ltr'><strong>confert,</strong></span> <span class='ocrx_word' id='word_1_62' title='bbox 766 998 811 1059; x_wconf 88' lang='lat' dir='ltr'><strong>ita</strong></span> <span class='ocrx_word' id='word_1_63' title='bbox 830 998 1099 1060; x_wconf 86' lang='lat' dir='ltr'><strong>renuntiationem</strong></span> <span class='ocrx_word' id='word_1_64' title='bbox 1116 999 1206 1060; x_wconf 88' lang='lat' dir='ltr'><strong>illius</strong></span> 
     </span>
     <span class='ocr_line' id='line_1_10' title="bbox 223 1085 1204 1178; baseline -0.001 -19"><span class='ocrx_word' id='word_1_65' title='bbox 223 1085 290 1178; x_wconf 88' lang='lat' dir='ltr'><strong>ipse</strong></span> <span class='ocrx_word' id='word_1_66' title='bbox 305 1100 387 1160; x_wconf 87' lang='lat' dir='ltr'><strong>Deus</strong></span> <span class='ocrx_word' id='word_1_67' title='bbox 402 1103 557 1176; x_wconf 84' lang='lat' dir='ltr'><strong>acceptat,</strong></span> <span class='ocrx_word' id='word_1_68' title='bbox 576 1103 608 1160; x_wconf 90' lang='lat' dir='ltr'><strong>et</strong></span> <span class='ocrx_word' id='word_1_69' title='bbox 622 1095 661 1157; x_wconf 86' lang='lat' dir='ltr'><strong>ab</strong></span> <span class='ocrx_word' id='word_1_70' title='bbox 676 1097 746 1174; x_wconf 89' lang='lat' dir='ltr'><strong>ipso</strong></span> <span class='ocrx_word' id='word_1_71' title='bbox 758 1098 842 1176; x_wconf 87' lang='lat' dir='ltr'><strong>Papa</strong></span> <span class='ocrx_word' id='word_1_72' title='bbox 860 1102 1051 1176; x_wconf 89' lang='lat' dir='ltr'><strong>potestatem</strong></span> <span class='ocrx_word' id='word_1_73' title='bbox 1069 1097 1204 1178; x_wconf 90' lang='lat' dir='ltr'><strong>pontifl-</strong></span> 
     </span>
     <span class='ocr_line' id='line_1_11' title="bbox 222 1193 468 1275; baseline 0.004 -20"><span class='ocrx_word' id='word_1_74' title='bbox 222 1195 304 1258; x_wconf 89' lang='lat' dir='ltr'><strong>ciam</strong></span> <span class='ocrx_word' id='word_1_75' title='bbox 318 1193 426 1275; x_wconf 90' lang='lat' dir='ltr'><strong>tollit(</strong></span> <span class='ocrx_word' id='word_1_76' title='bbox 446 1193 468 1274; x_wconf 94' lang='lat'><strong>).</strong></span> 
     </span>
    </p>
   </div>
   <div class='ocr_carea' id='block_1_5' title="bbox 620 1351 798 1426">
    <p class='ocr_par' dir='ltr' id='par_1_5' title="bbox 620 1351 798 1426">
     <span class='ocr_line' id='line_1_12' title="bbox 620 1351 798 1426; baseline -0.006 -25"><span class='ocrx_word' id='word_1_77' title='bbox 620 1351 798 1426; x_wconf 53' lang='lat' dir='ltr'><strong>Emffim</strong></span> 
     </span>
    </p>
   </div>
   <div class='ocr_carea' id='block_1_6' title="bbox 217 1521 1209 1992">
    <p class='ocr_par' dir='ltr' id='par_1_6' title="bbox 217 1521 1208 1798">
     <span class='ocr_line' id='line_1_13' title="bbox 217 1521 1208 1602; baseline 0 -18"><span class='ocrx_word' id='word_1_78' title='bbox 217 1531 222 1539; x_wconf 88' lang='lat'>&#39;</span> <span class='ocrx_word' id='word_1_79' title='bbox 264 1523 420 1596; x_wconf 80' lang='lat' dir='ltr'><strong>Quaeritur</strong></span> <span class='ocrx_word' id='word_1_80' title='bbox 435 1539 474 1583; x_wconf 91' lang='lat' dir='ltr'><strong>an</strong></span> <span class='ocrx_word' id='word_1_81' title='bbox 487 1522 522 1583; x_wconf 90' lang='lat' dir='ltr'><strong>R.</strong></span> <span class='ocrx_word' id='word_1_82' title='bbox 541 1521 686 1584; x_wconf 86' lang='lat' dir='ltr'><strong>Pontifex</strong></span> <span class='ocrx_word' id='word_1_83' title='bbox 698 1521 738 1582; x_wconf 92' lang='lat' dir='ltr'><strong>ab</strong></span> <span class='ocrx_word' id='word_1_84' title='bbox 751 1521 892 1584; x_wconf 76' lang='lat' dir='ltr'><strong>Ecclesia</strong></span> <span class='ocrx_word' id='word_1_85' title='bbox 902 1539 961 1601; x_wconf 91' lang='lat' dir='ltr'><strong>per</strong></span> <span class='ocrx_word' id='word_1_86' title='bbox 971 1522 1130 1602; x_wconf 90' lang='lat' dir='ltr'><strong>judicium</strong></span> <span class='ocrx_word' id='word_1_87' title='bbox 1145 1524 1208 1584; x_wconf 89' lang='lat' dir='ltr'><strong>de·</strong></span> 
     </span>
     <span class='ocr_line' id='line_1_14' title="bbox 224 1617 1207 1700; baseline -0.003 -17"><span class='ocrx_word' id='word_1_88' title='bbox 224 1622 299 1700; x_wconf 92' lang='lat' dir='ltr'><strong>poni</strong></span> <span class='ocrx_word' id='word_1_89' title='bbox 319 1621 428 1700; x_wconf 91' lang='lat' dir='ltr'><strong>possit.</strong></span> <span class='ocrx_word' id='word_1_90' title='bbox 447 1619 675 1682; x_wconf 83' lang='lat' dir='ltr'><strong>Conclusiones</strong></span> <span class='ocrx_word' id='word_1_91' title='bbox 692 1617 892 1682; x_wconf 88' lang='lat' dir='ltr'><strong>deducuntur</strong></span> <span class='ocrx_word' id='word_1_92' title='bbox 907 1637 945 1680; x_wconf 91' lang='lat' dir='ltr'><strong>ex</strong></span> <span class='ocrx_word' id='word_1_93' title='bbox 963 1619 1130 1698; x_wconf 88' lang='lat' dir='ltr'><strong>principiis</strong></span> <span class='ocrx_word' id='word_1_94' title='bbox 1143 1637 1207 1680; x_wconf 90' lang='lat' dir='ltr'><strong>an-</strong></span> 
     </span>
     <span class='ocr_line' id='line_1_15' title="bbox 224 1717 692 1798; baseline -0.011 -17"><span class='ocrx_word' id='word_1_95' title='bbox 224 1728 276 1782; x_wconf 87' lang='lat' dir='ltr'><strong>tea</strong></span> <span class='ocrx_word' id='word_1_96' title='bbox 293 1718 441 1780; x_wconf 88' lang='lat' dir='ltr'><strong>stabilitis</strong></span> <span class='ocrx_word' id='word_1_97' title='bbox 459 1718 470 1796; x_wconf 96' lang='lat'>(</span> <span class='ocrx_word' id='word_1_98' title='bbox 490 1717 516 1798; x_wconf 90' lang='lat'><strong>).</strong></span> <span class='ocrx_word' id='word_1_99' title='bbox 684 1780 692 1796; x_wconf 61' lang='lat'><strong>,</strong></span> 
     </span>
    </p>

    <p class='ocr_par' dir='ltr' id='par_1_7' title="bbox 262 1815 710 1894">
     <span class='ocr_line' id='line_1_16' title="bbox 262 1815 710 1894; baseline -0.002 -16"><span class='ocrx_word' id='word_1_100' title='bbox 262 1818 392 1894; x_wconf 78' lang='lat' dir='ltr'><strong>Triplex</strong></span> <span class='ocrx_word' id='word_1_101' title='bbox 404 1833 494 1876; x_wconf 87' lang='lat' dir='ltr'><strong>cesus</strong></span> <span class='ocrx_word' id='word_1_102' title='bbox 509 1815 710 1894; x_wconf 87' lang='lat' dir='ltr'><strong>supponitur.</strong></span> 
     </span>
    </p>

    <p class='ocr_par' dir='ltr' id='par_1_8' title="bbox 265 1910 1209 1992">
     <span class='ocr_line' id='line_1_17' title="bbox 265 1910 1209 1992; baseline -0.002 -20"><span class='ocrx_word' id='word_1_103' title='bbox 265 1917 293 1974; x_wconf 88' lang='lat' dir='ltr'><strong>l.</strong></span> <span class='ocrx_word' id='word_1_104' title='bbox 310 1913 457 1973; x_wconf 81' lang='lat' dir='ltr'><strong>Pontifex</strong></span> <span class='ocrx_word' id='word_1_105' title='bbox 472 1913 611 1973; x_wconf 89' lang='lat' dir='ltr'><strong>incertus</strong></span> <span class='ocrx_word' id='word_1_106' title='bbox 625 1912 764 1974; x_wconf 88' lang='lat' dir='ltr'><strong>amoveri</strong></span> <span class='ocrx_word' id='word_1_107' title='bbox 774 1915 887 1990; x_wconf 83' lang='lat' dir='ltr'><strong>potest,</strong></span> <span class='ocrx_word' id='word_1_108' title='bbox 900 1911 990 1990; x_wconf 84' lang='lat' dir='ltr'><strong>juxta</strong></span> <span class='ocrx_word' id='word_1_109' title='bbox 1002 1910 1098 1972; x_wconf 89' lang='lat' dir='ltr'><strong>illud:</strong></span> <span class='ocrx_word' id='word_1_110' title='bbox 1113 1910 1209 1992; x_wconf 81' lang='lat' dir='ltr'><strong>Papo</strong></span> 
     </span>
    </p>
   </div>
   <div class='ocr_carea' id='block_1_7' title="bbox 221 2007 1215 3450">
    <p class='ocr_par' dir='ltr' id='par_1_9' title="bbox 223 2007 1209 2480">
     <span class='ocr_line' id='line_1_18' title="bbox 224 2007 1208 2089; baseline 0.002 -21"><span class='ocrx_word' id='word_1_111' title='bbox 224 2007 338 2085; x_wconf 83' lang='lat' dir='ltr'><strong>dubias,</strong></span> <span class='ocrx_word' id='word_1_112' title='bbox 355 2009 442 2089; x_wconf 83' lang='lat' dir='ltr'><strong>Popu</strong></span> <span class='ocrx_word' id='word_1_113' title='bbox 465 2009 564 2069; x_wconf 81' lang='lat' dir='ltr'><strong>nullus</strong></span> <span class='ocrx_word' id='word_1_114' title='bbox 574 2025 587 2086; x_wconf 90' lang='lat'><em>;</em></span> <span class='ocrx_word' id='word_1_115' title='bbox 615 2026 689 2070; x_wconf 87' lang='lat' dir='ltr'><strong>nam</strong></span> <span class='ocrx_word' id='word_1_116' title='bbox 705 2011 848 2072; x_wconf 80' lang='lat' dir='ltr'><strong>Ecclesia</strong></span> <span class='ocrx_word' id='word_1_117' title='bbox 862 2010 961 2082; x_wconf 87' lang='lat' dir='ltr'><strong>utitur</strong></span> <span class='ocrx_word' id='word_1_118' title='bbox 973 2011 1043 2088; x_wconf 89' lang='lat' dir='ltr'><strong>jure</strong></span> <span class='ocrx_word' id='word_1_119' title='bbox 1064 2026 1121 2072; x_wconf 91' lang='lat' dir='ltr'><strong>suo</strong></span> <span class='ocrx_word' id='word_1_120' title='bbox 1145 2011 1208 2072; x_wconf 89' lang='lat' dir='ltr'><strong>eli-</strong></span> 
     </span>
     <span class='ocr_line' id='line_1_19' title="bbox 223 2107 1209 2186; baseline 0.002 -18"><span class='ocrx_word' id='word_1_121' title='bbox 223 2107 319 2186; x_wconf 80' lang='lat' dir='ltr'><strong>gendi</strong></span> <span class='ocrx_word' id='word_1_122' title='bbox 333 2107 523 2168; x_wconf 89' lang='lat' dir='ltr'><strong>Pontificem</strong></span> <span class='ocrx_word' id='word_1_123' title='bbox 537 2110 672 2169; x_wconf 90' lang='lat' dir='ltr'><strong>eertum.</strong></span> <span class='ocrx_word' id='word_1_124' title='bbox 688 2109 837 2170; x_wconf 86' lang='lat' dir='ltr'><strong>Attamen</strong></span> <span class='ocrx_word' id='word_1_125' title='bbox 850 2108 934 2170; x_wconf 88' lang='lat' dir='ltr'><strong>istud</strong></span> <span class='ocrx_word' id='word_1_126' title='bbox 948 2109 1072 2171; x_wconf 85' lang='lat' dir='ltr'><strong>axioma</strong></span> <span class='ocrx_word' id='word_1_127' title='bbox 1083 2109 1209 2170; x_wconf 90' lang='lat' dir='ltr'><strong>intelli-</strong></span> 
     </span>
     <span class='ocr_line' id='line_1_20' title="bbox 223 2203 1209 2286; baseline 0.004 -22"><span class='ocrx_word' id='word_1_128' title='bbox 223 2205 363 2283; x_wconf 84' lang='lat' dir='ltr'><strong>gendum</strong></span> <span class='ocrx_word' id='word_1_129' title='bbox 374 2210 421 2267; x_wconf 88' lang='lat' dir='ltr'><strong>est</strong></span> <span class='ocrx_word' id='word_1_130' title='bbox 432 2205 636 2267; x_wconf 88' lang='lat' dir='ltr'><strong>dePontilice</strong></span> <span class='ocrx_word' id='word_1_131' title='bbox 647 2203 701 2284; x_wconf 91' lang='lat' dir='ltr'><strong>qui</strong></span> <span class='ocrx_word' id='word_1_132' title='bbox 712 2223 874 2284; x_wconf 87' lang='lat' dir='ltr'><strong>uunquam</strong></span> <span class='ocrx_word' id='word_1_133' title='bbox 886 2205 1055 2286; x_wconf 87' lang='lat' dir='ltr'><strong>hahuitjns</strong></span> <span class='ocrx_word' id='word_1_134' title='bbox 1066 2211 1209 2284; x_wconf 87' lang='lat' dir='ltr'><strong>eertum,</strong></span> 
     </span>
     <span class='ocr_line' id='line_1_21' title="bbox 224 2302 1209 2383; baseline 0.005 -22"><span class='ocrx_word' id='word_1_135' title='bbox 224 2319 327 2381; x_wconf 90' lang='lat' dir='ltr'><strong>neque</strong></span> <span class='ocrx_word' id='word_1_136' title='bbox 345 2309 392 2365; x_wconf 88' lang='lat' dir='ltr'><strong>est</strong></span> <span class='ocrx_word' id='word_1_137' title='bbox 406 2302 633 2382; x_wconf 89' lang='lat' dir='ltr'><strong>applicandum</strong></span> <span class='ocrx_word' id='word_1_138' title='bbox 648 2319 763 2383; x_wconf 83' lang='lat' dir='ltr'><strong>magno</strong></span> <span class='ocrx_word' id='word_1_139' title='bbox 778 2303 953 2377; x_wconf 87' lang='lat' dir='ltr'><strong>schismati,</strong></span> <span class='ocrx_word' id='word_1_140' title='bbox 970 2303 1022 2365; x_wconf 88' lang='lat' dir='ltr'><strong>cui</strong></span> <span class='ocrx_word' id='word_1_141' title='bbox 1036 2303 1134 2366; x_wconf 87' lang='lat' dir='ltr'><strong>libera</strong></span> <span class='ocrx_word' id='word_1_142' title='bbox 1151 2319 1209 2366; x_wconf 90' lang='lat' dir='ltr'><strong>re·</strong></span> 
     </span>
     <span class='ocr_line' id='line_1_22' title="bbox 224 2399 980 2480; baseline 0.003 -20"><span class='ocrx_word' id='word_1_143' title='bbox 224 2399 381 2462; x_wconf 85' lang='lat' dir='ltr'><strong>nuntiatio</strong></span> <span class='ocrx_word' id='word_1_144' title='bbox 393 2401 555 2462; x_wconf 86' lang='lat' dir='ltr'><strong>Pontificis</strong></span> <span class='ocrx_word' id='word_1_145' title='bbox 570 2401 694 2479; x_wconf 89' lang='lat' dir='ltr'><strong>accepti</strong></span> <span class='ocrx_word' id='word_1_146' title='bbox 709 2402 805 2462; x_wconf 89' lang='lat' dir='ltr'><strong>finem</strong></span> <span class='ocrx_word' id='word_1_147' title='bbox 818 2400 980 2480; x_wconf 90' lang='lat' dir='ltr'><strong>imposuit.</strong></span> 
     </span>
    </p>

    <p class='ocr_par' dir='ltr' id='par_1_10' title="bbox 221 2497 1213 3262">
     <span class='ocr_line' id='line_1_23' title="bbox 263 2497 1211 2577; baseline -0.001 -18"><span class='ocrx_word' id='word_1_148' title='bbox 263 2503 292 2560; x_wconf 61' lang='grc' dir='ltr'><strong>Ξ).</strong></span> <span class='ocrx_word' id='word_1_149' title='bbox 309 2499 399 2560; x_wconf 81' lang='lat' dir='ltr'><strong>Alter</strong></span> <span class='ocrx_word' id='word_1_150' title='bbox 413 2515 503 2560; x_wconf 92' lang='lat' dir='ltr'><strong>casus</strong></span> <span class='ocrx_word' id='word_1_151' title='bbox 517 2503 600 2560; x_wconf 89' lang='lat' dir='ltr'><strong>esset</strong></span> <span class='ocrx_word' id='word_1_152' title='bbox 613 2499 744 2560; x_wconf 85' lang='lat' dir='ltr'><strong>haeresis</strong></span> <span class='ocrx_word' id='word_1_153' title='bbox 760 2499 793 2558; x_wconf 89' lang='lat' dir='ltr'><strong>in</strong></span> <span class='ocrx_word' id='word_1_154' title='bbox 809 2517 905 2577; x_wconf 86' lang='lat' dir='ltr'><strong>quam</strong></span> <span class='ocrx_word' id='word_1_155' title='bbox 917 2499 1081 2560; x_wconf 87' lang='lat' dir='ltr'><strong>incidisset</strong></span> <span class='ocrx_word' id='word_1_156' title='bbox 1095 2497 1211 2560; x_wconf 90' lang='lat' dir='ltr'><strong>Ponti·</strong></span> 
     </span>
     <span class='ocr_line' id='line_1_24' title="bbox 224 2597 1212 2677; baseline -0.002 -19"><span class='ocrx_word' id='word_1_157' title='bbox 224 2599 285 2671; x_wconf 88' lang='lat' dir='ltr'><strong>lex,</strong></span> <span class='ocrx_word' id='word_1_158' title='bbox 305 2615 370 2658; x_wconf 92' lang='lat' dir='ltr'><strong>non</strong></span> <span class='ocrx_word' id='word_1_159' title='bbox 385 2600 420 2658; x_wconf 92' lang='lat' dir='ltr'><strong>ut</strong></span> <span class='ocrx_word' id='word_1_160' title='bbox 434 2599 554 2660; x_wconf 86' lang='lat' dir='ltr'><strong>Ductor</strong></span> <span class='ocrx_word' id='word_1_161' title='bbox 565 2597 728 2674; x_wconf 79' lang='lat' dir='ltr'><strong>Ecclesiae,</strong></span> <span class='ocrx_word' id='word_1_162' title='bbox 750 2599 805 2660; x_wconf 91' lang='lat' dir='ltr'><strong>sed</strong></span> <span class='ocrx_word' id='word_1_163' title='bbox 819 2601 855 2660; x_wconf 88' lang='lat' dir='ltr'><strong>ut</strong></span> <span class='ocrx_word' id='word_1_164' title='bbox 874 2598 1025 2677; x_wconf 85' lang='lat' dir='ltr'><strong>privatus.</strong></span> <span class='ocrx_word' id='word_1_165' title='bbox 1046 2597 1212 2675; x_wconf 77' lang='lat' dir='ltr'><strong>Equidem</strong></span> 
     </span>
     <span class='ocr_line' id='line_1_25' title="bbox 225 2693 1213 2774; baseline -0.003 -16"><span class='ocrx_word' id='word_1_166' title='bbox 225 2694 388 2758; x_wconf 87' lang='lat' dir='ltr'><strong>dubitatur</strong></span> <span class='ocrx_word' id='word_1_167' title='bbox 411 2713 451 2756; x_wconf 85' lang='lat' dir='ltr'><strong>en</strong></span> <span class='ocrx_word' id='word_1_168' title='bbox 472 2694 574 2773; x_wconf 90' lang='lat' dir='ltr'><strong>possit</strong></span> <span class='ocrx_word' id='word_1_169' title='bbox 588 2693 685 2756; x_wconf 84' lang='lat' dir='ltr'><strong>etiam</strong></span> <span class='ocrx_word' id='word_1_170' title='bbox 701 2699 737 2756; x_wconf 92' lang='lat' dir='ltr'><strong>ut</strong></span> <span class='ocrx_word' id='word_1_171' title='bbox 750 2695 890 2774; x_wconf 87' lang='lat' dir='ltr'><strong>privatus</strong></span> <span class='ocrx_word' id='word_1_172' title='bbox 904 2695 1045 2756; x_wconf 88' lang='lat' dir='ltr'><strong>incidere</strong></span> <span class='ocrx_word' id='word_1_173' title='bbox 1058 2695 1091 2754; x_wconf 91' lang='lat' dir='ltr'><strong>in</strong></span> <span class='ocrx_word' id='word_1_174' title='bbox 1103 2695 1213 2756; x_wconf 77' lang='lat' dir='ltr'><strong>here-</strong></span> 
     </span>
     <span class='ocr_line' id='line_1_26' title="bbox 224 2791 1206 2872; baseline 0.001 -21"><span class='ocrx_word' id='word_1_175' title='bbox 224 2792 284 2851; x_wconf 92' lang='lat' dir='ltr'><strong>sim</strong></span> <span class='ocrx_word' id='word_1_176' title='bbox 299 2791 428 2870; x_wconf 88' lang='lat' dir='ltr'><strong>proprie</strong></span> <span class='ocrx_word' id='word_1_177' title='bbox 442 2792 571 2856; x_wconf 88' lang='lat' dir='ltr'><strong>dictam.</strong></span> <span class='ocrx_word' id='word_1_178' title='bbox 588 2792 745 2866; x_wconf 81' lang='lat' dir='ltr'><strong>¹Gonoessa</strong></span> <span class='ocrx_word' id='word_1_179' title='bbox 754 2793 848 2872; x_wconf 87' lang='lat' dir='ltr'><strong>hujus</strong></span> <span class='ocrx_word' id='word_1_180' title='bbox 860 2793 966 2871; x_wconf 89' lang='lat' dir='ltr'><strong>lapsus</strong></span> <span class='ocrx_word' id='word_1_181' title='bbox 979 2792 1206 2871; x_wconf 87' lang='lat' dir='ltr'><strong>possibilitate,</strong></span> 
     </span>
     <span class='ocr_line' id='line_1_27' title="bbox 225 2889 1210 2970; baseline -0.002 -20"><span class='ocrx_word' id='word_1_182' title='bbox 225 2889 369 2968; x_wconf 90' lang='lat' dir='ltr'><strong>plerique</strong></span> <span class='ocrx_word' id='word_1_183' title='bbox 390 2891 590 2952; x_wconf 90' lang='lat' dir='ltr'><strong>contendunt</strong></span> <span class='ocrx_word' id='word_1_184' title='bbox 616 2890 708 2958; x_wconf 90' lang='lat' dir='ltr'><strong>illum</strong></span> <span class='ocrx_word' id='word_1_185' title='bbox 731 2891 803 2970; x_wconf 90' lang='lat' dir='ltr'><strong>jure</strong></span> <span class='ocrx_word' id='word_1_186' title='bbox 827 2891 934 2952; x_wconf 81' lang='lat' dir='ltr'><strong>divino</strong></span> <span class='ocrx_word' id='word_1_187' title='bbox 956 2908 1024 2953; x_wconf 89' lang='lat' dir='ltr'><strong>esse</strong></span> <span class='ocrx_word' id='word_1_188' title='bbox 1047 2889 1210 2970; x_wconf 85' lang='lat' dir='ltr'><strong>privatum</strong></span> 
     </span>
     <span class='ocr_line' id='line_1_28' title="bbox 224 2987 1210 3068; baseline 0.002 -22"><span class='ocrx_word' id='word_1_189' title='bbox 224 2987 426 3061; x_wconf 72' lang='lat' dir='ltr'><strong>pontificatu,</strong></span> <span class='ocrx_word' id='word_1_190' title='bbox 439 3003 499 3048; x_wconf 90' lang='lat' dir='ltr'><strong>nec</strong></span> <span class='ocrx_word' id='word_1_191' title='bbox 510 2987 723 3049; x_wconf 89' lang='lat' dir='ltr'><strong>amovendum</strong></span> <span class='ocrx_word' id='word_1_192' title='bbox 738 2987 778 3049; x_wconf 85' lang='lat' dir='ltr'><strong>ab</strong></span> <span class='ocrx_word' id='word_1_193' title='bbox 791 2989 933 3050; x_wconf 89' lang='lat' dir='ltr'><strong>Ecclesia</strong></span> <span class='ocrx_word' id='word_1_194' title='bbox 945 3005 1003 3068; x_wconf 93' lang='lat' dir='ltr'><strong>per</strong></span> <span class='ocrx_word' id='word_1_195' title='bbox 1015 2987 1210 3049; x_wconf 84' lang='lat' dir='ltr'><strong>sententiam</strong></span> 
     </span>
     <span class='ocr_line' id='line_1_29' title="bbox 221 3083 1212 3164; baseline -0.002 -18"><span class='ocrx_word' id='word_1_196' title='bbox 221 3084 441 3163; x_wconf 65' lang='lat' dir='ltr'><strong>judiciariam,</strong></span> <span class='ocrx_word' id='word_1_197' title='bbox 467 3085 586 3146; x_wconf 87' lang='lat' dir='ltr'><strong>etenim</strong></span> <span class='ocrx_word' id='word_1_198' title='bbox 606 3083 660 3146; x_wconf 92' lang='lat' dir='ltr'><strong>ille</strong></span> <span class='ocrx_word' id='word_1_199' title='bbox 681 3085 735 3164; x_wconf 87' lang='lat' dir='ltr'><strong>qni</strong></span> <span class='ocrx_word' id='word_1_200' title='bbox 758 3086 941 3148; x_wconf 88' lang='lat' dir='ltr'><strong>membrum</strong></span> <span class='ocrx_word' id='word_1_201' title='bbox 963 3084 1115 3148; x_wconf 84' lang='lat' dir='ltr'><strong>Ecclesiae</strong></span> <span class='ocrx_word' id='word_1_202' title='bbox 1136 3084 1212 3163; x_wconf 89' lang='lat' dir='ltr'><strong>jam</strong></span> 
     </span>
     <span class='ocr_line' id='line_1_30' title="bbox 223 3181 794 3262; baseline 0.007 -20"><span class='ocrx_word' id='word_1_203' title='bbox 223 3199 289 3243; x_wconf 91' lang='lat' dir='ltr'><strong>non</strong></span> <span class='ocrx_word' id='word_1_204' title='bbox 304 3188 363 3256; x_wconf 89' lang='lat' dir='ltr'><strong>est,</strong></span> <span class='ocrx_word' id='word_1_205' title='bbox 382 3186 476 3262; x_wconf 88' lang='lat' dir='ltr'><strong>caput</strong></span> <span class='ocrx_word' id='word_1_206' title='bbox 491 3181 576 3243; x_wconf 89' lang='lat' dir='ltr'><strong>illins</strong></span> <span class='ocrx_word' id='word_1_207' title='bbox 591 3199 659 3244; x_wconf 91' lang='lat' dir='ltr'><strong>esse</strong></span> <span class='ocrx_word' id='word_1_208' title='bbox 671 3183 794 3262; x_wconf 88' lang='lat' dir='ltr'><strong>nequit.</strong></span> 
     </span>
    </p>

    <p class='ocr_par' dir='ltr' id='par_1_11' title="bbox 226 3279 1215 3450">
     <span class='ocr_line' id='line_1_31' title="bbox 264 3279 1215 3362; baseline 0.002 -23"><span class='ocrx_word' id='word_1_209' title='bbox 264 3281 294 3340; x_wconf 91' lang='lat'><strong>3.</strong></span> <span class='ocrx_word' id='word_1_210' title='bbox 317 3280 363 3340; x_wconf 89' lang='lat' dir='ltr'><strong>Ob</strong></span> <span class='ocrx_word' id='word_1_211' title='bbox 387 3281 474 3342; x_wconf 92' lang='lat' dir='ltr'><strong>aliud</strong></span> <span class='ocrx_word' id='word_1_212' title='bbox 492 3279 615 3341; x_wconf 88' lang='lat' dir='ltr'><strong>crimen</strong></span> <span class='ocrx_word' id='word_1_213' title='bbox 636 3279 757 3360; x_wconf 86' lang='lat' dir='ltr'><strong>Papam</strong></span> <span class='ocrx_word' id='word_1_214' title='bbox 776 3297 842 3340; x_wconf 91' lang='lat' dir='ltr'><strong>non</strong></span> <span class='ocrx_word' id='word_1_215' title='bbox 863 3298 955 3362; x_wconf 89' lang='lat' dir='ltr'><strong>posse</strong></span> <span class='ocrx_word' id='word_1_216' title='bbox 977 3297 994 3340; x_wconf 91' lang='lat' dir='ltr'><strong>a</strong></span> <span class='ocrx_word' id='word_1_217' title='bbox 1013 3279 1215 3341; x_wconf 83' lang='lat' dir='ltr'><strong>Pontificatu</strong></span> 
     </span>
     <span class='ocr_line' id='line_1_32' title="bbox 226 3374 863 3450; baseline 0.008 -16"><span class='ocrx_word' id='word_1_218' title='bbox 226 3374 383 3450; x_wconf 87' lang='lat' dir='ltr'><strong>excidere,</strong></span> <span class='ocrx_word' id='word_1_219' title='bbox 395 3377 489 3438; x_wconf 89' lang='lat' dir='ltr'><strong>docet</strong></span> <span class='ocrx_word' id='word_1_220' title='bbox 501 3375 681 3438; x_wconf 91' lang='lat' dir='ltr'><strong>communis</strong></span> <span class='ocrx_word' id='word_1_221' title='bbox 696 3376 863 3439; x_wconf 84' lang='lat' dir='ltr'><strong>sententia.</strong></span> 
     </span>
    </p>
   </div>
   <div class='ocr_carea' id='block_1_8' title="bbox 257 3543 984 3610">
    <p class='ocr_par' dir='ltr' id='par_1_12' title="bbox 257 3543 984 3610">
     <span class='ocr_line' id='line_1_33' title="bbox 257 3543 984 3610; baseline 0.001 -17"><span class='ocrx_word' id='word_1_222' title='bbox 257 3543 984 3610; x_wconf 42' lang='lat' dir='ltr'><strong>UWfflQffihmm—mffimmfflsst</strong></span> 
     </span>
    </p>
   </div>
   <div class='ocr_carea' id='block_1_9' title="bbox 0 0 1322 4250">
    <p class='ocr_par' dir='ltr' id='par_1_13' title="bbox 0 0 1322 4250">
     <span class='ocr_line' id='line_1_34' title="bbox 0 0 1322 4250; baseline 0 0"><span class='ocrx_word' id='word_1_223' title='bbox 0 0 1322 4250; x_wconf 95' lang='lat' dir='ltr'><strong> </strong></span> 
     </span>
    </p>
   </div>
  </div>
 </body>
</html>
