2588 4272
201 219 235 264 8⁰
365 216 520 264 uxrosrflo
540 214 717 262 urseolus
737 213 819 260 sums
842 211 997 259 cattorum.

200 335 234 395 in
243 336 348 409 Petro,
365 337 518 414 etcorpus
529 331 708 412 episcopale
719 331 752 391 in
765 329 904 408 collegio
917 325 1114 407 Apostolieo‚
1128 325 1175 386 ita

200 431 375 512 legislativa
407 430 558 492 Ecclesiae
577 435 714 509 potestas
735 427 855 506 duplici
876 427 974 487 modo
994 417 1174 498 'exercetun

199 547 315 610 nempe
330 530 378 590 vel
390 547 408 590 a
421 529 550 608 singulis
563 525 753 607 pastoribus,
766 526 814 586 rel
829 541 847 584 e
859 523 1019 586 Consiliis.

240 630 258 691 J
261 647 296 690 us
306 627 496 707 particulare
511 630 558 687 est
568 627 614 687 vel
623 625 847 698 dioecesanum,
858 621 905 683 vel
913 620 1115 701 provinciale,
1128 617 1178 680 rel

201 726 372 788 nationale.
386 727 465 787 (lum
480 741 552 786 vero
566 725 606 784 de
615 723 686 802 jure
699 721 877 782 dioecesano
891 715 922 781 et
935 717 1099 782 conciliari
1114 733 1179 778 ser-

201 841 255 886 mo
266 824 351 886 sitin
364 822 458 884 Parte
470 821 596 902 speciali,
613 821 668 882 ubi
683 817 920 898 agendumerit
941 819 980 878 de
997 815 1178 878 hierarchia
1277 876 1278 888 ,

197 918 438 1001 jurisdictionis,
448 917 493 978 ibi
503 917 712 996 opportunius
732 913 935 994 aggredimur
953 910 1178 974 auctoritatem
1277 909 1279 984 ]

200 1017 352 1098 Episcopi
365 1014 535 1078 dioeeesani
551 1021 583 1076 et
592 1015 813 1077 conciliorum.
826 1011 962 1074 Proinde
977 1013 1040 1072 duo
1052 1013 1178 1071 tanturn

202 1113 596 1195 supersuntflexpendenda.

237 1278 291 1341 §t
305 1275 528 1330 Constitutiones
543 1273 712 1346 pontificiae.

240 1367 296 1429 §2
310 1363 360 1420 lus
374 1364 549 1421 canonicum
567 1361 722 1420 nationale.

270 1582 284 1641 5
299 1579 328 1632 l.
344 1579 473 1634 -Veriae
483 1579 710 1644 constitutiones,
723 1593 774 1633 seu
786 1579 890 1632 litteras
903 1576 1055 1646 pontificia
1072 1579 1117 1640 (t).

244 1759 290 1819 Ex
310 1760 491 1838 apostolicis
521 1761 804 1823 constitutionibus
833 1759 918 1821 velut
952 1775 990 1821 ex
1016 1755 1184 1819 uberrimo

205 1857 293 1916 fonte
304 1858 449 1918 confecta
468 1863 515 1920 est
532 1859 638 1937 potior
652 1877 724 1938 pars
736 1860 815 1938 juris
838 1857 994 1919 canonici.
1018 1855 1182 1918 Constitu·

205 1953 330 2014 tionum
354 1954 624 2018 nomineteniunt
644 1957 731 2035 leges
757 1974 774 2016 a
795 1959 832 2017 R.
857 1953 1075 2028 Pontificibus
1096 1958 1185 2014 tam-

207 2067 303 2128 quam
315 2051 497 2112 universalis
509 2053 659 2114 Ecclesiae
669 2054 858 2130 rectoribus,
872 2053 1021 2114 conditae.

246 2149 270 2211 Ι.
287 2147 406 2209 Earum
419 2149 545 2210 uomina.
561 2181 600 2196 —
613 2151 739 2212 Litterae
753 2149 934 2229 apostolicae
950 2150 1027 2211 olim
1052 2147 1185 2208 aucteri-

208 2253 281 2306 tates
307 2246 561 2322 nominabantur,
586 2266 649 2326 quo
666 2249 779 2327 melius
805 2249 1036 2328 significaretur
1056 2246 1186 2306 illarum

209 2343 391 2405 auctoritas.
412 2347 529 2406 Verum
541 2363 600 2406 usu
627 2346 780 2423 temporis
803 2345 955 2407 obsolevit
976 2345 1035 2406 ista
1057 2359 1186 2404 nuncu·

209 2441 306 2524 patio,
325 2459 395 2519 quae
409 2440 443 2500 in
461 2442 598 2502 diversas
614 2434 692 2502 abiit
702 2459 761 2520 pro
776 2443 870 2504 variis
880 2443 1046 2521 speciebus
1063 2441 1189 2502 littera-

210 2555 282 2600 rum
296 2539 545 2616 pontificiarum.

250 2636 726 2716 Constitutionesdisciplinares
746 2636 839 2698 variis
853 2637 1035 2700 nominibus
1058 2637 1187 2698 donatae

210 2737 283 2794 sunt
309 2733 432 2794 ratione
452 2733 605 2794 materiae.
635 2733 790 2795 Dicuntur
814 2735 1028 2796 constitutiones
1054 2733 1188 2813 proprie

211 2831 362 2909 dietae,-si
385 2836 609 2908 permanenter
629 2831 749 2910 aliquid
776 2831 1006 2894 observandum
1026 2837 1187 2907 statuant,
1232 2868 1235 2874 ·

211 2927 335 3002 decretu,
350 2927 375 2988 si
400 2933 488 2989 motu
507 2929 637 3007 proprio
652 2929 813 2991 Pontifiois
828 2930 923 2992 editae
938 2931 1010 3008 sint,
1029 2931 1117 2992 nulla
1136 2931 1190 2992 in-

211 3026 404 3087 terveniente
419 3026 645 3103 postulatione3
667 3025 821 3087 decretales
838 3027 975 3107 epistole,
998 3029 1023 3089 si
1047 3029 1086 3088 ad
1109 3045 1189 3089 oon-

213 3123 415 3187 sultationem
429 3129 483 3186 aut
501 3125 747 3204 postulationem
766 3125 889 3187 emissae
904 3127 1039 3204 luerint;
1060 3127 1188 3208 eurycli-

245 3306 277 3367 (Ι)
295 3306 390 3366 Devoti,
411 3308 601 3359 Institutionum
623 3312 798 3370 canonicarum
816 3313 1005 3376 Prolepemenu,
1020 3326 1075 3374 esp.
1100 3325 1139 3360 ur.
1157 3337 1190 3348 -—

215 3385 307 3446 soglis,
319 3385 487 3437 Institutzeues
494 3389 565 3452 juris
577 3391 682 3454 publici,
693 3407 752 3454 pars
768 3394 787 3454 l,
799 3407 852 3456 cap.
867 3406 895 3443 11.
912 3420 939 3430 —
961 3393 1092 3455 zellinger,
1109 3393 1190 3442 lusti-

216 3467 323 3515 tutioues
338 3464 412 3525 juris
424 3465 589 3530 ecelesiastici,
603 3472 664 3521 liber
680 3474 827 3536 isagogieus,
842 3485 900 3535 cap.
915 3487 952 3526 vr.
975 3501 1004 3511 -
1019 3474 1132 3536 Phillips,
1149 3474 1190 3523 Du

217 3545 286 3594 dreit
295 3544 487 3610 ecclesiasticus,
496 3557 558 3600 torn.
572 3547 616 3613 lll,
626 3551 670 3602 liv.
686 3553 717 3604 ll.
