2630 4250
217 223 267 270 180
374 221 530 267 exrosmlo
550 218 727 264 marticulus
748 219 831 264 Junrs
853 217 1007 263 cartorum.

215 338 415 418 Pririlegium
430 337 580 401 amittunt
594 336 640 397 illi
653 335 707 415 qui
722 353 826 416 neque
836 334 959 412 habitu,
978 348 1082 412 neque
1095 349 1198 412 nego·

211 439 331 502 tiorum
341 436 490 516 qualitate
507 435 640 498 clericos
655 452 688 496 se
711 433 875 496 exhibent.

253 537 305 597 Ill.
321 533 516 614 Pricttegicm
530 533 727 614 competentia
740 549 796 594 seu
808 529 1021 611 competentis
1035 536 1198 594 sustenta·

214 633 308 694 tionis
321 632 355 693 in
377 651 414 694 eo
430 631 586 707 consistit,
603 637 639 694 ut
652 631 760 694 clerici
775 647 836 692 aare
854 629 959 692 alieno
981 629 1111 710 gravati,
1136 629 1198 710 qui
1311 715 1312 720 ἵ

211 737 321 795 tamen
334 732 408 793 dolo
425 748 490 792 non
504 736 612 810 agunt,
625 730 749 808 possint
763 729 795 790 in
808 729 841 789 id
852 729 956 791 solum
967 729 1195 806 condemnari,

212 831 297 910 quod
312 835 359 892 est
379 846 474 907 supra
487 829 656 890 decentem
671 845 781 890 eorum
793 825 1070 890 sustentationem.
1095 828 1200 890 Juxta

211 929 382 991 concilium
399 927 635 1004 Tridentinum,
652 925 852 1009 privilegium
877 925 1063 1006 hujusmodi
1089 925 1199 988 oritur

213 1045 251 1089 ex
265 1027 356 1092 titulo
373 1026 597 1090 ordinationis.

310 1233 424 1292 ansrro
441 1231 477 1281 ²2.
491 1255 521 1268 -
532 1230 588 1290 Quo
596 1241 659 1278 suan
673 1239 810 1278 ruiramus
821 1241 909 1278 suanir
920 1239 1082 1278 rnraonuom.

169 1379 177 1394 '
251 1375 563 1452 Ouaestiosolvitura
587 1375 726 1437 concilio
749 1375 948 1451 Tridentino,
974 1375 1101 1437 dicente
1124 1373 1194 1436 Er-

210 1477 304 1539 clesite
317 1484 345 1538 et
352 1494 548 1558 personarum
562 1473 819 1536 ecclesiasticorum
834 1474 1046 1535 immunitatem
1068 1473 1127 1535 Dei
1138 1493 1194 1534 or-

209 1558 367 1652 dinatione,
384 1583 413 1636 et
427 1573 568 1636 canonicis
579 1571 773 1635 sanctionibus
785 1573 971 1634 constitutam
980 1572 1036 1653 (t).

250 1677 274 1738 1.
295 1675 482 1737 Immunitas
494 1673 695 1748 clericorum,
711 1671 908 1751 originaliter
919 1676 951 1733 ot
968 1669 1072 1750 quoad
1101 1669 1195 1749 prin·

210 1773 343 1853 cipium,
357 1773 416 1835 Dei
427 1773 606 1834 ordinatione
620 1773 764 1852 proiecta
779 1775 835 1833 est.

250 1873 347 1934 Prob.
387 1877 416 1933 t.
460 1871 647 1932 auctoritate.
692 1869 873 1932 Concilium
909 1872 1117 1931 Lateranensc
1163 1867 1192 1931 V

211 1971 299 2047 (sess.
315 1967 500 2048 IX)inquit:
520 1970 623 2029 «Cum
633 1985 651 2026 a
659 1965 732 2046 jure
745 1972 811 2029 tam
823 1967 929 2031 divino
940 1985 1034 2049 quam
1047 1967 1193 2029 humano

209 2067 297 2130 laicis
312 2072 451 2147 potestas
463 2067 550 2128 nulla
564 2066 598 2128 in
609 2065 839 2129 ecclesiasticas
865 2085 1014 2148 personas
1035 2064 1193 2130 attributa

209 2167 291 2230 sit.»

249 2266 345 2329 Aliud
363 2270 588 2347 argumentum
606 2263 737 2328 deducit
748 2265 863 2328 Suarez
877 2263 920 2345 (Ξ)
934 2281 972 2326 ex
987 2263 1160 2328 traditione
1178 2279 1187 2326 a

214 2387 228 2424 a
247 2366 380 2440 Quando
392 2363 524 2426 traditio
539 2370 586 2426 est
601 2370 749 2426 constans
764 2383 801 2428 ac
822 2369 986 2446 perpetua,
1016 2364 1190 2427 ostendere

208 2465 290 2526 solet
298 2464 349 2544 jus
367 2464 519 2539 divinum,
532 2464 713 2544 praesertim
727 2464 855 2544 quando
865 2481 929 2526 non
947 2468 1079 2543 apparet
1102 2464 1190 2526 ratio

208 2563 295 2625 illam
308 2561 470 2624 tribuendi
482 2561 667 2642 apostolicae
678 2561 881 2624 institutioni.
902 2561 984 2622 'dalis
995 2567 1103 2625 autem
1117 2579 1191 2626 esse

207 2662 332 2724 videtur
345 2661 474 2722 traditio
488 2661 581 2740 hujus
596 2659 806 2740 exemptionis
821 2680 829 2734 ;
843 2665 890 2722 est
903 2675 1018 2739 nempe
1036 2661 1116 2722 adeo
1128 2678 1192 2721 an-

207 2761 306 2840 tiqua,
322 2765 358 2822 ut
371 2761 494 2821 nullum
509 2759 577 2839 ejus
592 2765 782 2836 agnoscatur
793 2759 922 2821 initium
936 2776 1026 2820 :nam
1035 2746 1095 2840 pro
1109 2765 1192 2823 tem·

207 2875 322 2938 porum
334 2857 574 2936 opportunitate
589 2873 716 2936 semper
729 2863 851 2920 servata
861 2863 918 2932 est,
937 2857 1099 2938 praecipue
1110 2876 1190 2922 vero

207 2962 280 3036 post
293 2961 438 3034 tempora
452 2955 699 3017 christianorum
711 2957 955 3036 Imperatorum.
970 2954 1034 3018 Sub
1047 2957 1191 3037 Impera·

206 3055 328 3118 toribus
343 3061 450 3116 autern
476 3054 611 3117 ethnicis
634 3073 700 3116 non
721 3055 827 3135 potuit
849 3054 980 3134 quidem
1004 3057 1190 3119 executioni

207 3153 350 3218 mandari
361 3159 510 3233 respectu
525 3153 769 3232 magistratuum
788 3153 977 3230 infidelium,
998 3154 1052 3234 qui
1074 3155 1193 3219 Eccle-

206 3252 261 3313 siae
275 3270 338 3314 non
352 3252 518 3333 parebant,
535 3251 620 3331 quod
645 3251 685 3310 ad
709 3247 830 3311 iactum
845 3249 977 3326 attinet3
1001 3251 1062 3330 jus¹
1080 3256 1196 3316 autem

205 3349 358 3412 Ecclesia
383 3351 581 3426 madescit,
609 3350 700 3430 cujus
725 3348 851 3430 signum
876 3354 933 3426 est,
959 3348 1035 3430 quia
1062 3366 1197 3432 semper

236 3516 271 3580 (t)
286 3513 352 3566 Sese.
369 3516 445 3574 XXV,
463 3529 520 3578 asp.
535 3528 580 3576 xx,
599 3515 637 3565 De
654 3516 762 3580 reform,

235 3596 268 3656 (2)
278 3595 395 3656 Defensio
406 3593 481 3658 fidet,
494 3595 538 3646 tib.
557 3595 598 3654 IV,⁴
613 3609 667 3658 cap.
685 3609 744 3649 vni.
