2604 4270
277 755 451 871 PARS
495 755 880 874 GENERALIS

473 1013 681 1060 COMPLECTENS

175 1203 427 1264 Puluclplu
455 1202 694 1264 scrnurrn
723 1162 979 1268 cuuo‘urcrn

467 1424 681 1437 *-

129 1645 172 1703 llx
186 1641 361 1703 rationibus
372 1642 486 1720 quihus
501 1641 647 1702 innititur
661 1641 900 1702 Institutionum
922 1640 1064 1720 partitio,

93 1737 152 1814 jam
165 1735 301 1796 insertur
309 1742 428 1814 partem
442 1734 606 1814 pecoralem
622 1733 775 1794 disserere
791 1735 830 1795 de
843 1735 950 1814 legum
965 1735 1067 1795 eccle-

96 1833 287 1894 siasticarum
305 1833 421 1895 studi0.

134 1952 148 1987 u
165 1930 223 1991 lus
247 1933 355 1990 autem
391 1929 579 1991 canonicum
607 1928 708 1990 tribus
742 1929 846 1990 modis
873 1928 1030 2008 accipitur
1058 1947 1066 1989 :

96 2031 121 2087 l.
138 2025 285 2106 Objeetive
296 2043 354 2104 pro
363 2024 439 2103 ipsis
451 2024 867 2104 canonibus3nominelegis
878 2025 1067 2105 intelligitur
1085 2014 1087 2018 ’

94 2124 159 2202 ipsa
179 2124 287 2202 regula
300 2122 445 2184 societati
463 2121 612 2200 imposita
632 2140 688 2201 per
703 2124 897 2185 voluntatem
908 2123 1067 2202 legislato-

94 2223 146 2283 ris.
156 2257 196 2267 -
212 2225 242 2282 2.
260 2220 470 2302 Metopltorice,
483 2225 635 2298 tanquam
652 2221 817 2282 continens
829 2239 887 2300 pro
895 2223 1065 2292 conteut03

93 2320 222 2380 nomine
234 2321 341 2398 legum
355 2319 576 2397 intelliguntur
586 2317 713 2379 codices
728 2335 782 2380 sen
795 2318 1012 2392 collectiones,
1029 2334 1068 2378 ex

95 2413 208 2490 quibus
221 2430 380 2474 canonum
395 2418 500 2474 textus
524 2411 710 2473 desumitur.
726 2444 766 2457 -
778 2415 806 2471 3.
830 2409 1049 2471 Denominntioe
1057 2425 1070 2480 ;

93 2528 166 2572 nam
180 2510 312 2574 scientia
332 2528 491 2573 canonum
512 2511 654 2572 studiosa
673 2514 705 2570 et
727 2509 893 2588 interpres,
914 2514 1068 2588 quatenus

94 2611 209 2672 retinet
221 2626 339 2671 nomen
352 2609 400 2670 sui
414 2609 544 2689 objecti,
559 2608 677 2687 pariter
693 2607 744 2686 jus
760 2607 949 2668 canonicum
969 2607 1069 2666 deno·
1182 2604 1185 2609 ’

95 2707 231 2768 minatur
244 2705 295 2787 (l).
311 2728 325 2766 u

132 2806 278 2865 Jamvero
301 2805 408 2883 legum
437 2803 722 2865 ecclesiasticarum
746 2802 851 2863 studia
870 2801 928 2862 sub
949 2800 1068 2878 triplici

97 2907 239 2979 respectu
254 2901 419 2979 proposito
433 2901 625 2962 instituenda
639 2905 725 2962 sunt.
755 2901 824 2960 Non
847 2899 991 2961 obstante
1009 2898 1069 2959 ista

95 2999 298 3059 materiarum
312 2998 475 3074 divisione,
492 2999 596 3060 unitas
611 2999 753 3060 scientiae
766 3004 924 3071 servatur3
951 2996 1069 3058 etenim

96 3095 252 3174 principie
271 3096 352 3176 juris
375 3096 530 3171 canonici,
559 3113 630 3173 quae
645 3114 720 3176 pore
740 3094 881 3174 pecoralis
899 3093 1007 3168 tradit,
1035 3093 1069 3154 in

95 3191 176 3253 hanc
194 3193 321 3255 unicam
336 3192 589 3272 propositionem
612 3195 834 3254 resolvuntur:
855 3190 919 3252 Lec
937 3191 1069 3252 ecclesie-

96 3291 166 3349 stieo
190 3308 245 3352 seu
271 3291 416 3353 voluutas
442 3291 640 3369 legislatoris
674 3291 707 3349 in
732 3287 944 3350 collectionibus
967 3290 1070 3351 conti·

97 3394 197 3465 uetur,
213 3393 244 3451 et
259 3387 298 3450 ab
315 3387 522 3468 interpretibus
531 3389 621 3468 juxta
637 3386 809 3468 genuinum
823 3404 951 3449 sensum
964 3389 1071 3466 expla-

98 3490 195 3549 natur.
769 3492 777 3510 ⁴

129 3653 161 3715 (1)
175 3653 297 3716 llaschat,
314 3653 494 3718 Proleqomena
504 3653 575 3717 juris
588 3621 738 3716 canoniei‚§
754 3657 778 3705 1.

924 3751 951 3795 Ξ.
