2604 4270
241 326 273 372 84
405 291 560 371 EXPOSITIO
583 325 758 372 neaflomct
779 327 862 371 touls
885 327 1040 373 cunctum.

237 446 430 517 versaretur;
454 445 486 504 3⁰
510 442 543 503 in
568 443 746 504 infidelium
770 444 961 523 regionibus,
984 445 1125 507 Ecclesia
1147 446 1218 524 ipsa

237 539 300 601 suis
310 539 454 602 hostibus
465 539 575 608 luisset
584 541 699 604 dedita.
713 543 806 620 Ergo,
818 541 879 603 nisi
889 542 1029 604 Christus
1039 543 1217 605 Ecclesiam

237 655 326 699 suam
341 637 558 699 constituisset
580 637 765 700 societatem
783 639 968 717 perfectam,
993 639 1024 700 ei
1048 657 1112 702 non
1131 640 1217 703 bene

236 735 442 818 providisset,
462 735 547 813 quod
562 734 736 796 absurdum
754 740 801 796 est
814 753 963 798 asserere.

276 831 442 904 Secundum
469 840 672 912 argumentum
694 852 706 893 .·
729 832 887 894 Christum
919 836 1096 896 Ecclesiam
1124 854 1218 898 suam

237 931 437 993 constituisse
453 930 637 991 societatem
654 931 840 1009 perlectam,
868 937 991 993 constat
1011 949 1050 992 ex
1070 934 1217 1012 positivis

117 1077 132 1094 .
237 1028 440 1102 testimoniis,
456 1045 573 1106 nempe
591 1044 628 1088 ex
643 1027 815 1106 scripturis
831 1033 862 1090 et
884 1028 1079 1105 Proditione,
1103 1047 1143 1092 ex
1157 1032 1218 1094 de·

238 1125 435 1214 finitionibus
450 1131 482 1186 et
497 1125 585 1204 praxi
598 1125 759 1186 Ecclesiae.
778 1126 853 1198 Quae
866 1125 1047 1188 testimonia
1054 1114 1219 1209 theologis

236 1219 400 1298 alleganda
415 1217 635 1296 relinquimus.

275 1318 464 1394 Exutroque
478 1315 673 1377 theoremate
693 1315 868 1378 adstruitur
888 1318 1024 1398 legilerae
1047 1321 1221 1398 potestatis
1263 1349 1265 1356 v

234 1414 455 1476 ecclesiastice
468 1413 646 1485 existentia,
661 1411 750 1490 cujus
765 1411 889 1492 integra
903 1413 1049 1492 probatio
1065 1416 1219 1493 sequenti

235 1513 417 1594 syllogismo
432 1511 654 1574 concluditur:

274 1611 368 1672 Omni
388 1610 531 1672 societati
556 1610 704 1688 perlectae
723 1607 878 1686 competit
900 1609 1032 1688 legifera
1049 1614 1219 1688 potestas;

236 1738 239 1754 κ
275 1709 370 1786 Atqui
382 1707 524 1768 Ecclesia
538 1707 653 1768 Christi
664 1710 711 1768 est
723 1704 856 1767 societas
872 1706 1026 1785 perlecta;
1249 1687 1253 1703 ⁸

277 1804 359 1881 Ergo
374 1804 525 1864 Ecclesiae
539 1803 622 1886 inest
635 1807 773 1880 potestas
782 1803 868 1882 leges
882 1803 1016 1865 serendi.

644 2003 773 2065 CAPUT
790 2005 804 2062 Ι

552 2150 650 2198 Van-lt
666 2149 887 2213 legislatores.

268 2308 333 2360 Aur.
353 2304 373 2358 l.
390 2301 577 2372 legislatores
592 2316 609 2355 a
623 2300 734 2356 Christo
745 2301 880 2356 instituti.

270 2393 333 2447 Aur.
350 2389 383 2446 ll.
400 2389 586 2460 Legislatores
598 2388 633 2444 ab
645 2388 771 2444 Ecclesia
784 2388 920 2444 instituti.

548 2651 552 2659 ¹
594 2571 846 2639 auricuuus'r

462 2739 653 2779 LEGISLATORES
671 2741 689 2779 A
708 2739 818 2778 cuiusce
837 2737 978 2778 INSTITUTI.

269 2885 284 2949 ς
298 2884 321 2936 l.
338 2881 462 2936 Potestas
476 2894 621 2951 suprema.

269 2973 322 3037 §t
337 2968 467 3041 Episcopi
481 2982 657 3025 successores
672 2967 883 3040 Apostolorum.

528 3143 576 3204 §1-
589 3143 620 3180 -’
636 3121 764 3196 Potestas
776 3153 914 3206 suprema.

274 3297 299 3349 l.
314 3295 480 3364 Subiectum
491 3296 524 3351 in'
535 3310 593 3366 quo
609 3294 715 3351 residet
728 3307 864 3366 suprema
874 3293 1011 3365 potestas.

270 3386 297 3440 t.
312 3384 404 3438 Nexus
417 3385 492 3440 iuter
502 3385 663 3440 Primatum
678 3387 707 3440 et
721 3384 933 3456 Episcopatum.
