2620 4258
435 263 509 308 PARS
531 262 692 309 succuum.
996 267 1049 314 307

115 378 250 442 Paroohi
264 378 348 440 inter
365 396 397 440 se
416 381 603 458 precedunt
623 379 788 460 prioritate
806 383 1050 462 assumptionis,

74 479 132 540 sed
148 477 305 564 parochus
319 483 491 558 perpetuus
503 480 658 558 praecedit
671 481 843 542 amoribili.

116 579 147 638 ἓ.
163 577 239 638 lura
253 576 341 638 utilia
354 580 428 638 sunt
438 577 490 656 J'us
506 577 693 657 sepeliendi,
707 579 779 658 jura
795 581 895 657 stolae,
907 581 958 660 jus
970 581 1054 643 acci-

75 674 188 753 piendi
201 673 386 738 oblationes.

441 873 518 917 otton
531 875 685 930 parochorum.

121 1016 286 1095 Praecipua
295 1017 509 1096 parochorum
523 1019 628 1079 officia
639 1018 709 1079 haec
723 1023 796 1079 sunt
811 1038 817 1078 :

121 1117 144 1178 l.
176 1114 330 1196 Vipilantiu
346 1115 514 1196 pastorales.
539 1150 578 1160 -
597 1115 757 1177 Parochus
777 1114 872 1178 dehet
894 1131 966 1176 oves
987 1131 1057 1176 suas

81 1228 263 1290 agnoscere,
286 1212 330 1274 eis
343 1213 416 1274 vitae
432 1213 578 1290 exemplo
594 1213 708 1289 praeire
729 1213 808 1294 etin
824 1212 963 1290 paroecia
979 1211 1058 1298 resi-

82 1310 174 1372 dere.

122 1408 164 1468 ll.
185 1405 692 1486 Oblipotiodoccadicomplectitur
703 1406 819 1484 triplex
832 1403 973 1467 officium
991 1423 998 1465 :

123 1505 152 1564 l.
175 1505 221 1565 De
237 1503 430 1582 obligatione
445 1502 628 1584 praedicandi
644 1503 822 1565 Concilium
839 1502 1061 1564 Tridentinum

81 1599 223 1661 statuit:
251 1601 485 1678 «Quicumque
510 1600 708 1680 parochiales
730 1601 879 1662 ecclesias
903 1600 1060 1676 obtinent,

82 1714 141 1775 per
156 1713 190 1758 se
202 1698 251 1757 vel
263 1714 320 1775 per
334 1698 413 1759 alios
426 1699 567 1773 idoneos,
579 1699 604 1758 si
617 1697 758 1775 legitime
772 1697 919 1775 impediti
934 1697 1062 1771 fuerint,

84 1793 200 1854 diebus
220 1795 333 1856 saltem
357 1796 525 1858 dominicis
547 1803 578 1860 et
600 1795 688 1858 festis
711 1795 916 1870 solemnibus,
935 1793 1065 1874 plebem

84 1889 146 1950 sibi
160 1891 376 1967 commissam,
394 1911 452 1970 pro
467 1900 568 1955 suaet
583 1894 651 1973 ejus
666 1894 852 1973 capacitate,
870 1898 1003 1972 pascant
1017 1909 1065 1952 sa-

83 1985 243 2048 lutaribus
254 1986 358 2050 verbis
373 1988 428 2068 (l).
443 2013 457 2049 u

125 2089 157 2146 2.
171 2087 215 2145 De
228 2085 420 2164 obligatione
437 2086 631 2148 catechizandi
646 2105 774 2166 pueros,
792 2088 878 2148 idem
891 2085 1067 2148 concilium

87 2181 255 2244 decernit:
276 2183 465 2262 «Episcopi,
486 2185 598 2246 saltem
616 2185 786 2246 dominicis
803 2189 834 2245 et
855 2184 976 2246 festivis
1001 2183 1068 2243 die-

89 2281 158 2353 bus,
186 2296 302 2358 pueros
320 2279 354 2339 in
377 2279 508 2357 singulis
529 2277 688 2358 parochiis
703 2281 976 2342 fideirudimenta
995 2279 1068 2340 dili-

88 2382 200 2456 genter
214 2375 253 2437 ab
267 2377 317 2452 iis,
334 2377 374 2436 ad
389 2393 467 2454 quos
488 2376 656 2454 spectabit,
671 2375 781 2438 doceri
803 2376 956 2438 curabunt
977 2377 1029 2455 (h).
1048 2398 1062 2434 u

128 2478 160 2536 3.
175 2475 224 2535 Ad
237 2473 414 2552 parochum
426 2477 550 2552 spectat
563 2473 686 2534 scholas
701 2472 846 2534 invisere.

130 2573 183 2633 ΙΙΙ.
202 2569 415 2651 Obligationes
430 2575 577 2650 respectu
589 2569 684 2630 cultos
695 2567 791 2630 divini
798 2587 810 2629 .·

130 2673 161 2730 l.
186 2670 278 2730 Zelus
299 2669 412 2729 domus
431 2667 499 2743 Dei,
522 2671 553 2728 et
574 2667 671 2746 digna
691 2664 864 2728 celebratio
890 2664 1070 2726 divinorum

89 2766 285 2828 officiorum.

130 2865 161 2926 Ξ.
178 2862 272 2924 Missa
292 2879 349 2941 pro
368 2863 488 2941 populo
508 2861 697 2941 applicanda
715 2859 826 2922 diebus
849 2857 1020 2920 dominicis
1042 2863 1073 2920 et

90 2959 182 3022 festis
195 2960 291 3022 etiam
306 2961 494 3038 suppressis.

133 3061 162 3119 3.
181 3057 294 3120 Munus
309 3057 517 3120 denuntiandi
536 3056 760 3137 indulgentias,
782 3053 978 3129 festivitates,
992 3053 1075 3131 jeju·

92 3156 159 3229 nia,
173 3156 321 3216 mandata
332 3154 495 3234 Episcopi.

136 3255 189 3316 IV.
206 3253 314 3324 Quoad
328 3260 518 3328 socromcota,
532 3251 687 3330 parochus
700 3253 827 3312 tenetur
838 3252 868 3309 1⁰
877 3251 994 3326 praesto
1007 3262 1075 3308 esse

94 3351 131 3410 in
149 3349 189 3409 iis
202 3349 474 3410 administrandis.

131 3528 165 3588 (l)
177 3529 242 3578 Sess.
258 3527 288 3586 V,
302 3541 357 3588 cap.
370 3541 398 3576 11.

133 3609 166 3670 ll)
179 3609 243 3658 Sess.
261 3606 347 3667 XXIV,
361 3621 416 3668 cap.
432 3619 469 3656 ru.
