2620 4258
237 231 291 278 266
399 227 558 273 EXPOSITIO
579 225 757 272 uuuuoalas
778 227 862 273 rums
884 225 1041 273 annontui.

271 364 287 427 ἓ
302 364 327 417 l.
342 361 381 416 De
392 357 574 414 institutione
586 357 731 429 Episcopi.

272 450 325 514 §2
341 450 382 504 De
393 446 473 504 illius
479 445 597 518 juribus
609 449 639 502 et
653 444 765 501 ollieiis.

469 650 485 712 §
499 649 527 699 l.
543 648 625 700 —llo
639 647 819 700 institutione
831 645 967 713 Episcopi.

276 803 337 866 Ubi
353 805 392 865 de
413 804 538 883 juribus
557 805 682 866 Summi
704 804 866 867 Pontificis
891 803 1038 892 dicimus,
1060 803 1219 866 evincitur

241 901 415 981 Episcopos
431 903 624 964 dioeeesanos
647 904 687 964 R.
716 901 881 964 pontificis
896 901 1085 963 auctoritate
1104 901 1220 963 imme-

243 998 337 1074 diata,
358 999 405 1059 vel
418 998 567 1074 mediata,
589 999 746 1077 implicita
758 1000 806 1060 vel
822 999 972 1079 explicita
985 1004 1072 1060 reete
1083 997 1219 1062 institui.

239 1096 409 1174 Explorato
418 1095 812 1176 principio,investiganda
827 1102 873 1158 est
885 1095 1035 1159 Ecclesiae
1049 1096 1219 1175 disciplina
1291 1094 1292 1164 ἓ

239 1192 326 1254 circa
340 1191 431 1253 istius
441 1193 523 1272 juris
540 1193 737 1256 exercitium.

278 1290 439 1352 institutio
459 1291 691 1370 Episcoporum
706 1291 825 1371 triplici
844 1298 918 1356 actu
931 1293 1103 1372 perficitur,
1130 1293 1219 1354 vide·
1291 1287 1292 1292 ’

239 1386 756 1466 liccteleotioue,confirmatione,
776 1391 1027 1453 consecratione.
1045 1394 1219 1452 Personam

238 1484 384 1564 designat
392 1485 517 1548 electio.
534 1488 661 1548 illectus
669 1486 927 1566 jurisdictionem
939 1488 1147 1567 consequitur
1163 1505 1220 1566 per

240 1583 517 1646 confirmationem
537 1602 594 1646 seu
616 1584 815 1647 missionem.
831 1586 1077 1648 consecratione
1094 1587 1221 1648 conier-

238 1685 291 1741 tur
304 1686 445 1759 potestas
461 1682 592 1744 ordinis.

279 1777 451 1840 illectionis
470 1780 572 1842 forma
581 1781 666 1842 varia
680 1782 741 1844 luit
755 1786 788 1844 et
801 1782 841 1844 ah
866 1782 1007 1844 Ecclesia
1023 1783 1216 1844 determina-

240 1879 305 1937 tur.
323 1877 440 1936 verum
453 1879 652 1940 consecratio
677 1885 707 1942 et
722 1881 923 1942 confirmatio
944 1885 1135 1959 apotestate
1154 1879 1220 1959 spi-

239 1969 345 2032 rituali
365 1973 496 2036 omnino
509 1976 660 2053 pendent.

276 2103 398 2167 Quusuo
414 2111 454 2162 l¹.
473 2107 512 2162 De
527 2106 681 2162 electione.

274 2192 398 2256 Qusssro
411 2196 453 2250 2⁸.
472 2195 511 2250 lle
526 2195 754 2252 confirmatione.

272 2281 396 2344 Qussrro
410 2285 450 2339 θ’.
470 2285 509 2339 De
525 2286 749 2344 consecratione.

521 2475 635 2534 Qussrro
650 2478 684 2526 1⁶.
701 2503 733 2514 -
747 2479 783 2528 Ds
797 2490 942 2530 uuucrronu.

283 2630 445 2694 Electioin
455 2649 570 2712 genere
582 2639 630 2696 est
643 2637 924 2701 canonicavooatio
936 2657 1079 2718 personae
1092 2641 1220 2704 idonea

243 2729 284 2790 ad
297 2729 544 2791 ecclesiasticam
566 2732 766 2811 dignitatem.
794 2737 870 2798 Haec
888 2738 1002 2801 electio
1017 2741 1080 2803 late
1094 2746 1221 2820 sumpta

232 2817 381 2886 'includit
399 2827 589 2889 electionem
604 2831 733 2908 proprie
748 2833 878 2911 dictam,
895 2835 1030 2900 liberam
1045 2838 1219 2918 superioris

243 2923 460 2999 collationem,
473 2925 737 2992 nominationem.

283 3019 405 3082 Electio
420 3023 549 3101 proprie
565 3025 649 3087 dicta
673 3028 842 3092 delinitur:
871 3031 1016 3094 Personae
1028 3033 1157 3098 idoneae
1169 3051 1220 3096 vo-

245 3118 328 3181 catio
341 3119 381 3180 ad
395 3119 597 3197 prelaturam
610 3130 786 3200 vacantem,
803 3127 887 3191 lacta
910 3130 1065 3211 suffragiis
1082 3150 1142 3212 per
1155 3134 1222 3212 plu-

245 3230 294 3276 res
309 3217 472 3291 electores,
492 3235 510 3278 a
527 3219 690 3297 superiore
705 3224 934 3288 confirmanda.

283 3360 303 3412 l.
330 3359 483 3418 Electores.
510 3383 514 3396 ·

282 3447 315 3500 ll.
328 3447 446 3517 Regnlae
460 3449 621 3513 electionis.
