2630 4250
494 271 568 316 PARS
589 271 753 319 sanemus.
1064 271 1115 318 2⁰7

137 385 248 447 tudine
269 386 413 448 omnium
437 387 651 449 Ecclesiarum
673 393 705 449 et
732 387 930 466 plenitudine
953 389 1119 466 potestatis

139 483 287 544 divinitus
307 486 343 546 R.
365 483 512 546 Pontifici
532 485 739 561 concredita,
755 486 899 564 sequitur
915 503 1025 547 causas
1051 503 1119 546 ma·

134 580 222 658 jures
235 581 274 640 ad
289 581 405 644 Sedern
419 582 637 660 Apostolicam
658 583 840 644 referendas
865 601 933 644 esse
949 588 981 646 et
994 581 1033 663 ab
1050 582 1119 660 ipsa

133 679 335 758 judicandas.
352 681 440 741 Hanc
457 684 649 759 potestatem
664 687 859 760 agnoverunt
874 684 981 744 Patres
994 686 1025 742 et
1037 681 1120 742 Gon·

137 776 284 866 cilia‚(l).
1059 767 1061 774 ’

176 875 243 936 lllae
258 891 359 936 causae
383 873 534 936 dicuntur
549 873 685 954 majores
700 895 771 956 quae
787 876 834 937 vel
849 893 907 954 per
920 893 954 937 se
969 875 1119 953 gravioris

135 977 212 1034 suut
232 971 397 1047 momenti,
413 991 442 1033 v.
465 991 494 1052 g.
510 990 561 1034 res
577 973 653 1035 fidei
670 979 880 1036 controversae
897 978 929 1034 et
943 971 1120 1051 disciplinae

131 1070 310 1150 generalis,
329 1071 389 1131 vel
402 1069 509 1132 arduae
524 1073 629 1157 quoad
654 1071 875 1134 executionem
900 1071 1055 1145 existunt,
1072 1069 1121 1131 vel

133 1164 299 1242 pertinent
311 1165 350 1224 ad
365 1181 519 1242 personas
534 1165 567 1224 iu
583 1165 736 1246 dignitate
750 1165 947 1240 constitutas,
957 1183 985 1224 v.
1003 1182 1035 1242 g.
1050 1180 1121 1224 cau·

133 1279 182 1322 sae
201 1261 379 1324 criminales
402 1263 650 1344 Episcoporum3
674 1265 722 1326 vel
735 1262 905 1324 relationes
922 1259 1074 1324 Ecclesiae
1090 1267 1121 1324 et

134 1361 245 1422 Status
260 1360 447 1438 respiciunt.

177 1457 258 1518 Huic
270 1456 334 1534 juri
348 1457 513 1520 Pontifiois
533 1461 707 1538 respondet
719 1458 951 1537 Episcoporum
969 1455 1121 1536 obligatio

130 1555 297 1616 referendi
308 1553 345 1613 ad
361 1555 508 1616 Sanctam
524 1557 640 1618 Sedem
654 1557 694 1617 de
705 1555 807 1618 causis
823 1553 1055 1615 difficilioribus
1069 1555 1118 1634 (2).

177 1653 219 1714 ll.
231 1651 286 1712 Jus
300 1653 474 1733 succurrendi
483 1655 691 1734 appellationes
697 1658 736 1717 ad
747 1659 926 1718 Romanum
936 1652 1123 1715 Pontificem

132 1749 290 1829 pertinet,
305 1767 369 1810 uon
395 1751 526 1829 quidem
540 1753 569 1813 vi
593 1771 752 1816 canonum
766 1753 1013 1827 sardicensium,
1037 1750 1122 1830 quod

133 1847 235 1926 aliqui
250 1847 498 1926 contendebant,
514 1851 568 1912 sed
580 1851 868 1913 rationePrimatus
879 1849 931 1932 (3).
945 1853 1022 1914 Cum
1037 1849 1123 1910 enim
1165 1924 1167 1927 .

133 1943 285 2006 Pontifex
308 1945 348 2006 sit
372 1963 537 2024 supremus
561 1948 594 2008 iu
617 1949 760 2010 Ecclesia
771 1947 883 2030 judex,
899 1948 1015 2026 cuique
1030 1945 1123 2008 datur

134 2059 198 2121 per
215 2043 462 2122 appellationem
476 2033 649 2124 implorare
664 2045 763 2124 ipsius
776 2045 1030 2126 protectionem3
1048 2059 1122 2104 nam

138 2139 181 2200 ab
193 2136 352 2200 inferioris
366 2142 522 2203 sententia
535 2143 675 2204 tribuual
690 2143 861 2222 superioris
874 2142 974 2217 adire,
992 2157 1125 2204 conces-

138 2253 214 2298 sum
228 2241 274 2298 est
289 2255 327 2298 ex
339 2237 408 2318 ipsa
418 2241 554 2301 naturali
567 2241 728 2318 aequitate.

176 2413 209 2474 tl]
220 2413 378 2464 Innocentius
393 2415 500 2478 lEpier.
514 2417 530 2464 2
542 2414 577 2464 ad
590 2415 734 2466 Victrict'um
745 2415 832 2466 scribit
842 2414 874 2463 a'«
887 2417 913 2467 si
926 2417 1031 2478 majores
1041 2429 1123 2464 causae

140 2493 171 2543 in
185 2494 295 2542 medium
307 2493 401 2544 luerint
422 2495 556 2558 devolutae,
575 2495 708 2546 adsedem
729 2495 905 2557 apostolicam,
926 2496 992 2546 sicut
1015 2495 1125 2556 synodus

140 2571 317 2637 (sardicensis)
332 2574 421 2624 statuit
435 2588 464 2632 ac
475 2580 548 2628 vetus
567 2575 719 2640 cousuetudo
738 2576 822 2638 exigit,
836 2583 892 2638 post
904 2575 1044 2636 episcopale
1055 2574 1124 2635 judi·

137 2653 208 2702 e'ium
222 2653 372 2704 referantur.
388 2669 399 2698 »
787 2698 789 2706 t

172 2733 288 2794 Epistola
297 2733 480 2796 Episcoporttm
491 2733 583 2784 Gallice
597 2735 633 2784 cd
645 2734 815 2785 Innocentium
830 2733 857 2788 Χ,
866 2733 940 2794 (anno
953 2733 1019 2792 1653)
1032 2747 1038 2778 ε
1051 2749 1062 2776 u
1075 2733 1126 2781 lda-

134 2813 206 2874 jores
214 2827 303 2862 causas
315 2813 347 2862 ad
364 2815 452 2864 sedem
465 2815 631 2876 Apostolicem
646 2816 745 2876 reierrl,
755 2813 875 2866 solemnis
886 2811 1003 2861 Ecclesia
1014 2825 1067 2860 ntus
1077 2819 1125 2872 est,

136 2906 216 2954 quem
228 2895 290 2944 tides
300 2893 368 2944 Petri
378 2905 507 2956 nunquam
518 2896 634 2946 deficiens
645 2904 769 2960 perpetuo
780 2893 883 2945 retineri
894 2905 940 2956 pro
947 2893 1005 2955 jure
1014 2904 1058 2940 suo
1071 2903 1126 2953 pes·

141 2975 219 3024 tulat.
235 2991 248 3020 u

171 3054 238 3114 (2ts.
247 3053 357 3116 cyrillus
371 3055 554 3106 Alexandrinus
564 3057 596 3106 ad
607 3058 635 3108 S.
644 3055 811 3107 Caelestinum
819 3055 857 3102 ait
870 3053 896 3102 iu
907 3065 983 3102 causa
994 3049 1101 3100 Nestorii
1117 3063 1124 3095 ε

139 3153 152 3178 ιι
163 3132 436 3193 Vetuslleclesiarum
450 3137 602 3186 cousuetudo
618 3137 709 3186 suadet
727 3142 756 3184 ut
775 3132 919 3195 hujusmodi
938 3145 979 3180 res
994 3127 1126 3180 Sanctitati
1217 3163 1219 3169 .

137 3214 202 3261 Tuae
219 3213 466 3262 communicentur.»

169 3293 204 3352 (3)
220 3293 245 3341 S.
256 3292 399 3342 Bernartius
411 3293 442 3340 ad
452 3293 598 3342 Pontificem
607 3293 745 3354 Eugenium
758 3290 792 3340 lll
798 3285 902 3339 scribit:
915 3305 927 3332 ι
942 3287 1127 3350 appellaturus

138 3377 193 3420 toto
203 3371 297 3422 mundo
309 3373 341 3422 ad
355 3379 388 3420 te.
397 3373 425 3420 ld
438 3373 540 3433 qrridem
552 3373 578 3422 in
591 3371 761 3422 testimouium
773 3368 908 3432 siug'ularis
916 3367 1041 3419 Primatue
1050 3370 1099 3420 tui,
1115 3387 1126 3414 a

170 3451 322 3500 Benedictus
334 3451 389 3500 xlv
401 3451 436 3500 ait
448 3467 455 3498 z
469 3471 481 3498 ι
496 3454 541 3502 Jus
556 3452 753 3514 appellationum
764 3449 826 3500 adeo
837 3449 978 3500 necessario
990 3461 1127 3500 connexum

137 3535 177 3578 est
187 3543 246 3578 cum
256 3529 379 3590 Primatu,
392 3537 422 3580 ut
435 3544 507 3582 nemo
520 3532 598 3595 possit
612 3531 674 3581 illud
684 3531 710 3581 iu
725 3528 918 3580 condolentiam
934 3530 1067 3590 adducere,
1079 3527 1127 3576 nisi

136 3615 165 3659 et
179 3609 249 3660 lruuc
263 3611 324 3662 velit
335 3610 476 3660 inficiari.»
573 3673 576 3680 ,
