2630 4250
199 159 250 206 lea
373 158 532 205 uxr0s1d10
554 152 732 202 nnrflonlcn
756 155 839 202 leurs
861 156 1016 201 canentur.

195 277 377 341 sacerdotes
404 278 506 339 vivam
535 273 709 353 imaginem
727 273 843 336 Christi
870 272 1022 335 exhibere
1050 273 1177 350 debent,

196 381 265 436 tum
280 374 354 454 quia
366 374 443 454 ipsis
458 371 618 435 incumbit
637 387 716 434 onus
728 370 927 432 sacrificandi
940 376 972 432 et
993 373 1116 434 orandi.

235 475 265 532 3.
281 472 391 533 Officia
405 477 503 534 status
515 467 721 532 sacerdotalis
740 485 814 548 erga
830 468 940 530 fideles
955 469 1118 547 postulant
1130 470 1178 531 'vi-

198 586 269 630 rum
283 569 393 632 alienis
404 569 488 632 curis
502 567 635 628 minime
648 566 845 640 distractum,
861 582 958 645 quem
969 568 1108 644 populus
1119 567 1177 628 ho-

198 683 276 730 nore
288 671 320 728 et
333 685 457 728 summa
467 664 583 728 fiducia
596 667 818 743 prosequatur.

237 771 268 826 l.
286 763 456 848 Coelibatus
472 761 622 826 Ecclesia
645 761 784 841 proficit,
806 765 874 823 tum
898 761 971 839 quia
997 764 1177 826 sacerdotes

200 863 306 927 reddit
319 863 484 925 liberiores
499 861 533 922 in
543 859 813 933 tuendaveritate,
831 863 900 920 tum
912 859 986 938 quia
998 877 1178 940 perversum

201 977 341 1023 amorem
356 957 493 1038 propriae
517 957 646 1018 familia
670 957 830 1042 praevertit
851 961 887 1018 ut
899 956 1073 1019 liberalitas
1093 975 1179 1021 exer-

201 1064 321 1120 ceatur.

240 1155 278 1215 ll.
295 1151 431 1212 Historia
441 1149 529 1232 bojas
539 1151 618 1231 lepis.
633 1185 672 1198 ·-
686 1152 782 1231 Origo
799 1153 885 1214 illius
898 1153 938 1214 ab
953 1155 1179 1232 Apostolorum

200 1257 347 1329 tempore
365 1246 396 1310 et
409 1249 554 1311 instituto
566 1251 741 1328 repetenda
753 1257 810 1312 cst.
831 1251 1013 1324 Coelibatus,
1033 1252 1180 1330 exemplo

200 1347 317 1410 Christi
330 1351 361 1408 et
374 1347 545 1409 traditione
558 1348 733 1426 apostolica
744 1347 903 1422 inductae,
921 1347 1043 1426 legibus
1055 1347 1181 1426 scriptis

202 1445 384 1508 confirmari
399 1445 506 1524 erupit.
521 1444 669 1516 Quamvis
683 1446 735 1506 lex
748 1443 955 1506 continentia
966 1463 1004 1506 ex
1013 1444 1181 1505 hominum

86 1603 87 1606 ,
203 1541 325 1621 ignavia
348 1542 380 1602 in
405 1541 595 1620 quibusdam
627 1541 705 1603 locis
727 1542 831 1603 minus
854 1541 1001 1620 religiose
1018 1539 1183 1602 observata

206 1639 309 1716 luerit,
324 1645 431 1701 tamen
454 1658 511 1720 per
527 1636 692 1728 continuas
714 1639 905 1700 Pontificum
919 1643 950 1700 et
965 1638 1183 1700 conciliorum

205 1738 384 1799 sanctiones
410 1737 550 1800 stabilita
571 1737 641 1814 tuit,
663 1738 764 1800 donec
788 1736 975 1804 subdiaconi
996 1754 1033 1798 ea
1052 1735 1181 1816 obligati

205 1840 278 1896 sunt
288 1835 321 1894 in
335 1835 475 1896 Ecclesia
489 1835 692 1896 occidentali.
785 1871 788 1877 =
1077 1917 1078 1920 Ἴ

140 1999 143 2006 ,
245 1934 281 1994 ln
295 1931 436 1992 Ecclesia
455 1933 600 1992 orientali
616 1933 769 2018 paulatim
783 1933 911 2012 irrepsit
925 1933 987 1994 alia
1001 1933 1184 2010 disciplina,

206 2045 302 2108 quam
327 2045 384 2105 per
405 2045 542 2089 canones
563 2029 730 2090 Trullanos
754 2025 933 2108 expressam
959 2029 1072 2092 Sancta
1092 2031 1188 2091 Sedes
1304 2051 1305 2096 3

148 2115 151 2120 ’
207 2125 352 2188 toleravit
380 2126 464 2204 apud
498 2127 624 2188 Graeeos
654 2127 694 2187 ad
725 2127 862 2188 schisma
888 2128 1063 2202 vitandum.
1096 2129 1190 2190 Juxta
1304 2137 1305 2178 ῑ

133 2289 134 2292 ¹
208 2223 322 2301 ipsam,
348 2223 509 2302 conjugati
536 2223 735 2300 ordinantur,
750 2224 872 2304 ‘eisque
897 2243 970 2286 usus
993 2225 1188 2286 matrimonii

209 2325 257 2380 est
270 2319 454 2398 permissus,
481 2321 623 2399 exceptis
640 2321 826 2400 Episcopis3
850 2321 882 2381 in
900 2321 999 2382 sacris
1021 2321 1187 2383 constituti
1304 2367 1305 2396 ,

208 2433 341 2478 uxorem
367 2418 483 2479 ducere
509 2437 574 2480 non
604 2424 746 2497 possunt.
777 2419 925 2481 Monachi
957 2419 1187 2481 continentiam
1304 2499 1305 2508 ἵ

208 2515 409 2593 profitentur.

213 2610 217 2618 '
248 2614 299 2674 ΙΙΙ.
325 2611 425 2694 Vipeos
439 2612 600 2694 disciplina.
611 2615 739 2676 —Gum
752 2615 786 2675 in
804 2615 975 2678 Occidente
992 2614 1191 2694 olerogamia

209 2712 428 2786 invalesceret,
445 2712 569 2774 Summi
589 2712 759 2775 Pontifices
781 2715 846 2776 Leo
868 2715 921 2789 IX,
948 2713 1097 2774 Nicolaus
1120 2715 1146 2774 ll
1161 2718 1191 2774 et
1304 2705 1305 2708 ’

209 2808 424 2870 Alexanderll
432 2811 622 2888 corruptela
630 2809 832 2886 obstiterunt,
842 2810 1192 2890 doneoaGregorionl
1304 2841 1305 2852 κ

211 2906 564 2968 excommunicarentur
576 2912 645 2989 tum
659 2907 933 2988 clerieimaJorum
949 2908 1101 2969 ordinum
1117 2923 1193 2970 con·
1304 2905 1305 2954 ἰ

207 3002 319 3080 jugati,
330 3009 400 3066 tum
407 3003 480 3066 laici
496 3019 608 3066 eorum
617 3005 751 3068 missam¹
759 3006 934 3068 audientes.
949 3008 991 3068 Ut
1003 3005 1073 3068 istae
1084 3023 1194 3086 poena·
1252 3007 1255 3011 ’

211 3100 256 3160 les
271 3101 449 3163 sanctiones
463 3101 614 3180 majorem
628 3103 812 3165 firmitatem
827 3103 991 3179 haberent,
1004 3103 1037 3164 in
1046 3103 1193 3166 conciliis

211 3197 380 3260 Lateranl
396 3203 426 3260 et
434 3200 461 3260 ll
472 3197 730 3262 irritadeolareta
739 3207 812 3262 sunt
823 3201 1015 3286 clericorum
1031 3201 1190 3284 conjugia,

213 3311 283 3370 qua
301 3293 454 3360 hactenus
478 3297 537 3359 sub
558 3316 653 3377 poena
666 3299 850 3383 privationis
872 3300 1103 3363 beneficiorum
1119 3319 1195 3382 pro·

212 3389 314 3452 hibita
328 3391 458 3470 quidem
473 3397 528 3456 sed
543 3396 624 3458 forte
637 3397 740 3458 valida
754 3402 843 3459 erant
854 3397 905 3479 (l).

245 3524 277 3588 (l)
293 3525 405 3587 berardi,
418 3526 616 3594 Commentario,
628 3527 654 3582 ln
666 3494 710 3580 lib.
726 3529 766 3582 lV.
777 3531 958 3596 Daedalium,
971 3531 1028 3582 diss.
1041 3535 1082 3594 lv,
1093 3545 1149 3597 cap.
1166 3545 1193 3583 v·
