2620 4258
476 248 550 293 PARS
568 249 735 294 sonemus,

419 461 443 508 2.
461 458 498 508 lle
514 457 616 508 vicariis
629 457 737 508 lor-aneis
750 459 791 520 (Ι).

153 605 1093 688 l.Eoramora‘po.-Extinctischorepiscopis‚institutisunt

111 705 163 766 alii
182 705 417 784 Episcoporum
429 705 590 782 adjutores
605 705 737 780 rurales,
752 704 806 783 qui
821 704 969 766 dicuntur
988 704 1096 766 Vicara'a'

109 801 290 882 smacea’vel
315 801 436 875 Doceat,
461 807 615 882 quatenus
636 820 701 882 prae
729 821 761 864 se
796 804 903 864 ferunt
920 802 1088 879 imaginem

111 898 232 964 Vicarii
244 899 399 978 generalis
414 899 463 960 vel
481 898 755 980 archipresbyteri
770 899 894 960 urbani.

153 995 285 1058 Definiri
309 1002 470 1075 possunt:
501 997 606 1059 cleriei
638 1002 861 1076 permanenter
891 995 1032 1077 deputati
1058 1003 1093 1059 ut

111 1095 265 1174 quasdam
298 1095 424 1158 levioris
454 1095 609 1157 momenti
641 1113 749 1157 causas
779 1093 812 1155 in
840 1099 926 1158 certa
949 1093 1093 1156 dioecesis

110 1195 200 1266 parte
221 1190 401 1268 expediant.

150 1287 191 1348 ΙΙ.
207 1285 259 1346 Ad
271 1287 390 1347 illoram
413 1289 615 1350 anctoritatem
629 1291 811 1352 referuntur
821 1291 939 1368 regulae
959 1305 1093 1368 sequen-

109 1391 186 1447 tes:
830 1439 832 1446 ,

150 1485 178 1542 Ι.
196 1480 377 1543 Discrimen
403 1481 507 1543 existit
524 1481 609 1544 inter
630 1481 773 1545 Vioarios
786 1484 931 1544 foraneos
956 1485 988 1542 et
1000 1479 1093 1542 Vica-

108 1576 194 1657 rium
204 1578 520 1655 generalemPra'mo,
533 1577 1091 1658 eorumauctoritasestparticularis,

108 1691 177 1734 non
188 1664 317 1735 tantum
332 1676 437 1753 quoad
458 1677 537 1750 loca,
560 1676 615 1737 sed
628 1677 724 1736 etiam
737 1677 840 1755 quoad
857 1693 983 1750 causas;
1004 1673 1095 1737 Vica-

107 1771 175 1831 rius
189 1787 264 1833 vero
277 1773 433 1849 generalis
447 1779 572 1835 exercet
580 1764 836 1852 jurisdictionem
853 1775 1015 1835 moraliter
1025 1773 1093 1833 uni-

108 1867 280 1928 versalem.
304 1867 447 1944 Secundo,
461 1868 604 1931 vicarius
619 1870 764 1931 foraneus
780 1869 876 1932 habet
893 1869 1030 1930 tribunal
1052 1869 1091 1929 ab
1179 1932 1181 1936 Α

107 1965 268 2043 Episcopo
283 1973 475 2044 separatum,
493 1972 527 2027 et
549 1965 588 2026 ab
614 1965 697 2027 illius
715 1968 870 2028 sententia
897 1966 965 2028 ficri
983 1971 1087 2044 potest

109 2063 284 2142 appellatio
307 2065 345 2124 ad
365 2065 571 2144 Episcopum.
726 2069 727 2074 ’

151 2164 180 2221 E.
195 2160 437 2242 Distinguitura
462 2163 587 2224 eaeteris
603 2163 768 2242 delegatis
794 2179 832 2224 ex
857 2179 896 2224 eo
917 2160 1003 2239 quod
1017 2177 1086 2240 per·

112 2263 274 2320 manenter
301 2260 481 2337 deputetur.
512 2261 587 2338 Ejus
611 2260 793 2336 auctoritas,
820 2276 894 2320 cum
910 2259 981 2337 jure
999 2275 1091 2320 com·

112 2355 198 2416 muni
220 2373 288 2422 uon
302 2357 542 2428 determinetur,
557 2361 643 2416 tanta
665 2359 712 2436 est
739 2357 888 2433 quantam
910 2355 1086 2446 Episcopus

112 2451 282 2515 mandavit.
304 2452 421 2516 Viearii
440 2450 560 2513 foranei
580 2469 638 2530 pro
658 2449 787 2512 arbitrio
808 2449 958 2528 Episcopi
977 2450 1092 2512 consti-

111 2555 255 2626 tuuntur,
272 2550 336 2611 sive
350 2567 407 2629 per
430 2549 604 2629 specialem
625 2547 869 2628 delegationem,
888 2545 951 2608 sive
967 2563 1024 2624 per
1048 2548 1092 2608 lc-

110 2665 184 2726 gem
197 2647 423 2710 dioecesanam.

150 2746 182 2806 3.
198 2742 342 2806 vicarius
364 2745 511 2808 foraneus
537 2742 731 2822 Episcopum
745 2741 778 2802 in
797 2739 967 2802 levioribus
987 2739 1090 2802 causis

111 2841 252 2920 adjuvat.
273 2843 360 2903 Illius
377 2846 565 2904 consuetum
581 2858 695 2902 munus
719 2845 776 2915 est,
792 2837 949 2920 Episcopo
971 2855 1089 2900 renun-

11 2933 12 2996 ἶ
109 2939 189 3001 tiare
208 2956 315 3000 mores
330 2939 520 3003 clericorum
534 2943 565 3000 et
579 2939 612 2998 in
630 2954 741 3000 eornm
759 2934 894 2998 crimine
908 2935 1087 3015 inquirere;

11 3015 12 3032 ¹
111 3033 346 3097 observantiam
378 3040 568 3098 statutorum
599 3033 799 3115 synodalium
832 3037 862 3093 et
888 3033 1089 3092 decretorum

110 3131 259 3210 Episcopi
283 3149 493 3212 promovere3
522 3131 716 3209 Episcopum
747 3119 931 3202 admonere,
964 3127 990 3188 si
1028 3145 1090 3206 qua

109 3229 191 3291 forte
215 3229 248 3288 iu
264 3231 327 3290 suis
343 3229 470 3308 oppidis
487 3230 635 3290 adversus
650 3229 838 3307 religionem
853 3231 1085 3305 perpetrentur.

111 3327 225 3387 Causas
239 3345 304 3388 non
319 3327 501 3388 criminales
512 3325 598 3404 parvi
611 3325 765 3387 momenti
774 3323 919 3404 judicare
931 3328 1047 3402 potest.

142 3495 174 3554 (l)
190 3493 341 3545 Benedictus
355 3493 420 3555 xlv,
431 3494 464 3543 de
478 3493 579 3556 synodo
590 3493 740 3553 dioecesaaa,
750 3493 810 3541 tib.
823 3491 868 3551 Ill,
881 3505 934 3554 cap.
949 3501 1027 3544 111.'-
1041 3494 1086 3542 Be·

113 3575 190 3638 rardi,
205 3575 395 3626 Commentario
411 3575 437 3625 ia
451 3575 495 3638 jas
511 3573 718 3636 ecclesiasticam,
728 3579 748 3626 t.
766 3575 785 3636 l,
799 3573 898 3624 dissert.
918 3574 948 3624 V.

921 3669 967 3716 17.
