2588 4272
434 267 508 312 Plus
528 267 708 316 cudendus·
1014 269 1048 316 89

93 391 139 452 des
152 388 343 468 Apostolica;
359 391 426 449 tum
440 389 525 467 leges
537 407 556 450 a
566 393 724 468 potestate
737 387 820 450 civili
833 389 917 465 latae,
932 389 992 450 uisi
1007 391 1047 453 ab

93 487 217 550 Ecclesia
235 486 408 566 probentur
420 505 428 560 ;
441 492 511 548 tum
531 486 707 548 decisiones
721 485 929 549 tribunalium
947 505 1048 550 saecu·

94 585 203 662 lorium,
218 603 248 647 v.
260 604 290 665 g.
304 583 431 647 concilii
446 586 563 646 Status.

230 773 233 780 ¹
292 797 327 849 11.
342 799 428 848 -Jus
441 799 587 849 canonicum
596 797 622 847 in
638 795 720 850 Gallia
737 798 832 861 rigens.

123 961 234 1021 Preter
243 961 296 1040 jus
308 961 500 1039 provinciale
515 965 547 1022 et
556 960 779 1034 diaecesanum,
793 958 1046 1046 juspanonicum

93 1059 185 1120 dalliae
200 1075 238 1120 ex
249 1059 371 1138 duplici
382 1061 467 1121 tonte
481 1059 727 1121 determinatur:

121 1206 145 1258 l⁰
156 1166 222 1263 lure
236 1206 386 1262 communi
398 1223 407 1276 ;

121 1295 146 1348 2ο
159 1292 334 1350 Concordato
344 1302 376 1378 ct,
385 1293 572 1366 sequentibus
586 1291 718 1350 Ecclesiae
729 1291 973 1368 dispositionibus.

334 1465 336 1470 ¹
374 1484 398 1535 1.
418 1483 463 1534 lus
476 1496 606 1534 commune
615 1481 642 1531 in
658 1481 747 1533 Gallia.

125 1649 146 1708 Ι.
161 1647 310 1710 Stoudum
335 1658 378 1710 est
396 1651 468 1732 juri
489 1652 641 1727 conmuni,
668 1651 791 1732 quotics
803 1667 868 1711 non
880 1654 1003 1712 constat
1017 1651 1045 1712 ci

90 1745 1046 1830 derogatumfuissc.Jamverohaecregula,cujusveritaspatet‚

85 1842 123 1903 ita
134 1844 321 1925 intelligitur
335 1866 341 1907 :
362 1848 401 1907 ad
424 1847 702 1934 determinandum
712 1848 762 1926 jus
773 1846 961 1933 canonicum
975 1846 1046 1908 Gal-

89 1939 208 2015 liemon
218 1941 447 2022 inquirendum
460 1953 508 2008 est
521 1945 597 2025 quid
608 1946 788 2025 fueritjuris
798 1943 963 2005 nationalis
972 1948 1045 2005 ante
1116 1953 1117 1957 ’

88 2039 319 2115 doncordatum,
336 2043 390 2104 sed
405 2047 528 2104 tantum
547 2045 623 2122 quid
639 2043 679 2105 sit
691 2045 739 2104 vel
753 2061 771 2103 a
780 2043 850 2121 jure
868 2042 1044 2117 communi,

88 2137 125 2197 vel
139 2155 155 2197 a
169 2139 370 2201 concordam
382 2143 414 2202 et
429 2141 693 2220 subsequentibus
705 2139 826 2218 legibus
839 2143 1003 2200 statutum.

118 2235 201 2297 Ratio
217 2242 278 2311 est,
291 2237 364 2315 qnia
378 2255 435 2316 per
449 2237 569 2299 bullam
585 2237 643 2313 Qut
656 2236 769 2298 Christi
775 2235 903 2310 Domini,
920 2236 1045 2297 videtur

85 2333 208 2410 priscum
238 2336 291 2414 jus
316 2335 505 2413 gallicanum
533 2335 627 2396 fuisse
650 2334 849 2414 abrogatum.
873 2335 948 2396 Haec
971 2339 1044 2395 sunt

85 2427 164 2490 rerba
176 2429 222 2490 Pii
235 2431 311 2493 Vll:
330 2454 346 2487 c
362 2433 608 2511 supprimimus,
630 2433 828 2493 annullamus
843 2438 875 2493 et
889 2433 1045 2511 extingui-

85 2540 143 2586 mus
163 2528 305 2606 titulum‚
330 2534 498 2610 totumque
514 2536 629 2592 statum
651 2536 841 2610 praesentem
853 2529 934 2590 infra
947 2529 1045 2608 scrip-

84 2627 173 2685 tarum
188 2627 404 2689 Ecclesiarum
410 2675 468 2690 .....
488 2630 567 2690 Cum
589 2629 772 2707 respectivis
786 2643 896 2688 earum
908 2627 1042 2705 juribus,

83 2721 241 2802 privilegiis
254 2730 286 2786 et
299 2725 513 2805 praerogativis
528 2726 757 2804 cujuscumque
772 2725 894 2805 generis
899 2770 958 2786 .....
973 2725 1042 2784 Non

84 2817 269 2883 obstantibus
285 2821 567 2885 consuetudinibus
583 2824 677 2885 ctiam
694 2817 1013 2883 immemorabilibus.
1024 2841 1039 2878 o

114 2917 149 2978 ll.
171 2919 218 2980 Ex
233 2919 294 2981 ista
315 2921 540 2983 constitutione
556 2921 725 2986 deducitur
748 2937 854 2982 revera
871 2917 1044 2981 extinctum

83 3012 165 3077 luisse
176 3018 321 3095 priscum
327 3019 378 3098 J'us
391 3020 592 3100 gallicanum.
606 3019 688 3080 Illud
699 3019 834 3080 infertur
847 3039 854 3080 ε

115 3116 143 3172 l⁰
157 3115 203 3174 Ex
218 3115 287 3194 ipsa
311 3118 535 3196 suppressione
550 3118 694 3179 omnium
716 3115 823 3178 Galliae
847 3114 1042 3179 dioecesium.

83 3207 109 3268 ld
129 3211 160 3271 in
175 3229 276 3291 scopo
290 3214 338 3274 Pii
353 3216 408 3276 Vll
421 3215 492 3289 fuit,
507 3220 543 3275 ut
569 3215 783 3274 destrueretur
798 3216 883 3273 totus
896 3212 1043 3292 antiquus

83 3304 285 3370 Ecclesiarum
298 3313 407 3386 status,
420 3317 452 3373 et
464 3327 563 3372 novus
578 3309 709 3370 omnino
722 3309 861 3370 diversus
877 3309 1043 3372 substitua-

83 3410 163 3468 retur.
177 3408 279 3486 Atqui
290 3409 465 3491 suppressis
476 3405 626 3469 Ecclesiis
640 3407 825 3486 abrogatum
834 3408 893 3471 luit
903 3411 954 3490 jus
966 3409 1043 3489 ipsis

62 3567 65 3572 ,
82 3503 249 3580 proprium,
264 3505 421 3583 siquidem
437 3503 626 3568 dioecesibus
634 3503 720 3566 velut
728 3505 932 3570 societatibus
945 3507 1043 3568 inhae-

82 3597 168 3676 rebat,
182 3617 253 3662 non
266 3603 437 3666 territorio.
