2630 4250
474 210 549 255 atus
571 210 738 259 spactant.
1048 217 1100 262 191

121 329 228 406 potest
239 325 416 405 Episcopus
432 345 451 388 a
465 345 521 388 sua
536 327 665 390 diecesi
679 329 804 406 absens,
822 329 898 409 quin
914 333 1018 411 judici
1030 335 1102 411 =loci

122 423 411 502 inieratinjuriam.
589 433 590 436 ’

161 522 199 582 ll.
219 521 353 584 Ratione
368 521 457 584 modi
477 539 542 600 quo
560 523 728 600 accipitur,
754 525 936 603 jurisdictio
951 526 1104 590 dividitur

121 619 155 678 in
169 617 351 678 ordinariam
361 624 393 681 et
417 617 588 698 delepotcm.
604 619 772 680 Ordinaria
784 622 900 684 ostilia
923 642 995 702 quae
1009 624 1104 685 elicui

121 716 278 797 competit
289 717 360 796 jure
370 717 510 796 proprio,
529 717 651 778 ratione
665 717 829 796 dignitatis
849 720 1016 782 autolficii
1032 737 1117 799 per»

123 813 281 876 manentis
298 813 349 874 cui
373 813 530 876 stabiliter
545 831 583 874 ex
603 813 673 894 lege
698 817 890 878 annectitur.
916 819 1103 896 Hujusmodi

125 915 172 974 est
181 910 361 990 jurisdictio
369 911 430 972 fori
443 911 563 972 interni
576 929 648 990 qum
662 909 823 989 parochis,'
840 911 1023 992 jurisdictio
1044 915 1104 976 fori

122 1007 246 1070 externi
261 1025 331 1086 quae
351 1007 517 1086 Episcopis
536 1007 700 1068 tribuitur.
725 1008 779 1070 Sic
807 1010 904 1072 etiem
923 1011 1105 1089 jurisdictio

126 1105 370 1184 metropolitana
381 1110 429 1166 cst
437 1103 609 1180 ordinaria,
625 1104 700 1184 quia
714 1107 985 1186 exlegc'adhaeret
1000 1108 1104 1169 stabili

125 1201 273 1282 dignitati
284 1201 337 1282 (t).
919 1201 921 1211 ’

164 1299 352 1362 lurisdictio
367 1301 511 1386 delegata
536 1306 584 1362 est
607 1317 644 1362 ea
662 1319 758 1380 quam
780 1301 915 1364 clericus
930 1319 996 1364 non
1011 1303 1107 1364 hahet

123 1398 194 1475 jure
208 1396 350 1476 proprio,
367 1386 396 1457 ri
408 1397 562 1471 muneris,
579 1399 634 1459 se'd
644 1399 746 1460 solum
762 1405 851 1460 extra
865 1401 1011 1462 ordinem
1022 1417 1108 1461 ccm-

126 1501 257 1556 munem
273 1511 311 1556 ex
325 1495 454 1573 speciali
470 1496 621 1557 missione
638 1497 769 1559 alterius
781 1499 871 1576 cujus
893 1497 978 1558 vices
995 1499 1108 1558 transi-

126 1592 208 1654 torie
225 1593 317 1671 gerit.

162 1690 212 1752 Ob
228 1693 429 1752 momentum
443 1689 622 1769 practicum
637 1690 700 1751 duo
723 1696 797 1754 sunt
810 1692 1003 1754 attendenda
1018 1703 1027 1752 1

163 1789 188 1848 I.
202 1789 291 1848 Inter
299 1787 558 1866 jurisdictionem
581 1788 776 1850 ordinariam
788 1794 820 1851 ct
836 1787 1014 1868 delegatam
1033 1788 1111 1849 exis-

125 1884 164 1946 tit
182 1885 561 1972 1011110101(11110100113.Δ

167 1981 282 2056 Primo,
295 1983 480 2044 Ordinarius
490 1983 638 2062 superior
646 1983 905 2062 jurisdictionem
919 2001 1008 2046 suem
1021 1999 1110 2063 regu·

125 2081 238 2143 leniter
250 2081 396 2158 delegare
408 2085 532 2160 potest.
547 2082 714 2160 Delegatus
728 2096 812 2155 vero,
830 2080 898 2142 sine
913 2081 1043 2160 speciali
1059 2081 1110 2143 de·

126 2177 264 2258 legantis
278 2178 495 2255 concessione,
515 2179 724 2258 subdelegarc
743 2179 865 2258 nequit,
888 2179 952 2240 nisi
967 2180 1009 2242 sit
1023 2179 1111 2242 delc-

126 2281 221 2357 gatus
231 2294 248 2336 a
260 2277 394 2340 Summo
403 2275 571 2351 Pontinos,
581 2275 919 2338 veluduniversitetcm
931 2289 1107 2337 causarum.

172 2373 316 2449 Secundo,
327 2373 507 2452 jurisdictio
514 2372 679 2452 ordinaria
687 2377 734 2434 est
742 2373 921 2434 favorabilis
932 2391 968 2435 ac
977 2373 1112 2452 proinde

127 2475 195 2535 late
210 2472 466 2550 interpretanda3
482 2471 542 2550 pro
554 2470 609 2532 illa
623 2470 1032 2549 presumiturdoneoaliud
1042 2486 1113 2546 pro·

127 2572 236 2633 betur.
250 2571 400 2648 Delegata
423 2574 541 2644 autem,
559 2567 823 2648 quiacrdineriae
845 2559 989 2645 derogat,
1005 2581 1114 2626 cense-

127 2676 184 2732 tur
206 2667 329 2752 odiosa,
357 2671 390 2728 et
403 2666 548 2728 strictam
571 2665 690 2744 patitur
706 2658 994 2743 interpretatioem.
1014 2659 1114 2742 Prop-

128 2773 223 2828 terea
239 2765 387 2844 delegati,
407 2769 579 2842 antequam
604 2766 797 2842 potestatem
821 2777 912 2822 suam
935 2765 1112 2835 exerceant,

128 2863 241 2924 solent
258 2879 291 2924 se
307 2861 481 2943 lepitimare,
500 2859 534 2922 id
559 2867 607 2924 est
620 2861 747 2924 litteras
764 2877 830 2922 suaa
843 2857 1117 2938 delegationiscx·
1238 2914 1240 2918 ,

128 2959 284 3132 hllffio,
301 3076 321 3118 a
334 3059 479 3139 delegato
493 3058 534 3120 ad
549 3057 751 3137 delegantem
760 3061 976 3131 tantum‚non
989 3069 1063 3116 vcro
1077 3054 1117 3114 ad

6 3209 7 3216 ,
130 3155 276 3219 tribunal
299 3157 527 3220 intermedium
543 3157 715 3236 appellatio
729 3155 956 3235 interponitur.
979 3153 1118 3214 Proinde

134 3255 164 3315 si
180 3253 330 3332 Episcopi
341 3255 517 3334 quidquam
538 3259 680 3316 statuunt
703 3259 856 3332 tanquam
870 3252 962 3314 Sedis
979 3255 1117 3330 Aposto-
1140 3323 1145 3339 Ι

132 3352 209 3412 11030
224 3351 372 3431 delegati,
390 3352 429 3412 ab
453 3353 594 3432 ipsorum
613 3351 770 3414 sententia
794 3369 857 3413 non
875 3351 915 3412 ad
933 3349 1115 3430 Metropoli-

135 3454 215 3524 tam,
231 3449 285 3510 sed
296 3451 337 3510 ad
350 3452 469 3528 Papam
480 3449 632 3528 appellari
646 3453 761 3528 potest.

170 3580 201 3642 (Ι)
215 3579 381 3652 Decreluliam
394 3581 438 3633 lib.
451 3581 472 3644 l,
485 3581 524 3632 tlt.
538 3565 605 3644 xxii,
620 3579 651 3631 de
661 3581 745 3646 Officio
752 3581 849 3646 judicis
860 3581 998 3633 ordinarii.
