2620 4258
25 3477 31 3554 l

203 143 255 194 264
362 141 521 188 nxecslrm
543 135 720 185 sternamus
741 137 825 184 sums
847 139 1004 186 ccuomcl.

203 265 396 342 acceperunt
418 277 435 319 a
457 257 582 321 Christo
597 259 789 336 potestatem
804 273 876 334 quae
894 255 1045 317 dividitur
1057 256 1092 316 in
1106 255 1183 337 Apo

202 361 350 434 stolatum,
367 355 559 418 sacerdotium
573 359 606 416 at
618 353 840 434 Episcopatus.
905 351 909 380 ²
949 347 952 354 ’

243 460 291 520 Ad
304 455 509 538 apostolatum
518 445 658 532 pertinet
672 456 811 530 potestas
824 452 944 533 ubique
959 451 1112 514 fundandi
1125 453 1186 514 Ec-

204 557 324 630 clesias,
342 560 374 616 et
385 551 560 632 Episcopus
574 549 804 611 constituendi.
819 552 895 612 Haeo
911 556 1018 612 autem
1031 555 1182 634 potestas,

204 651 365 716 ordinaria
380 652 413 710 in
430 652 524 711 Petro
545 647 598 709 cui
617 647 762 710 succedit
781 665 925 710 summus
946 649 1103 724 Pontifex,
1127 649 1191 710 luit·

203 749 380 831 personalis
399 752 431 809 et
451 744 702 808 extraordinaria
726 745 760 804 in
784 747 910 807 catenis
933 746 1111 825 Apostolis,
1132 746 1187 824 qui

205 850 263 910 sub
274 849 336 910 isto
351 850 498 925 respectu
512 842 694 921 singulatim
708 859 906 906 successores
917 863 982 907 non
993 843 1186 906 habuerunt.

238 933 412 1006 Sacerdotis*
435 945 575 1021 potestas
600 958 671 1019 quae
694 940 728 1000 in
752 942 954 1003 conficiendo
973 941 1132 1004 sacrificio
1156 945 1187 1002 et

205 1041 405 1106 remittendis
426 1039 566 1120 peccatis
586 1037 789 1116 potissimum
811 1044 962 1114 versatur,
987 1054 1187 1100 successores
1287 1030 1288 1068 ³

206 1139 317 1202 hahuit
329 1137 542 1217 presbyteros.
563 1135 671 1216 (Gonu.
690 1135 790 1210 Tria,
808 1153 884 1200 sess.
899 1152 967 1213 xru,
985 1137 1109 1215 capr.)
1288 1124 1289 1136 ¹

140 1245 146 1256 ·
246 1237 427 1299 Auctoritas
440 1236 638 1317 Episcopatus
649 1239 751 1296 totam
764 1234 884 1296 ordinis
899 1239 1092 1313 potestatem
1101 1251 1188 1296 com·
1289 1218 1290 1226 ἵ

207 1334 420 1415 plectebatur,
443 1339 474 1395 et
499 1333 593 1394 simul
617 1333 800 1394 facultatem
826 1333 958 1410 regendi
981 1333 1190 1411 particulares

207 1432 376 1494 Ecclesiae.
390 1433 426 1492 ln
439 1431 522 1493 hanc
536 1435 728 1510 potestatem
743 1429 895 1508 Episcopi
911 1431 1097 1492 succedunt.

92 1561 99 1571 .
131 1585 133 1588 .
248 1529 371 1591 Dicitur
384 1533 417 1590 4⁹
433 1529 572 1612 Bcpimcu
590 1527 733 1590 Ecclesiae
744 1527 932 1608 participant
949 1531 1091 1602 eatenus,
1116 1545 1191 1606 qua·

211 1632 301 1690 tenus
316 1632 389 1689 sunt
399 1628 627 1706 Apostolorum
635 1643 832 1689 successores
843 1645 851 1701 3
862 1626 949 1706 atqui
960 1625 1083 1704 duplici
1093 1625 1191 1687 modo
1294 1688 1295 1710 ,

209 1726 369 1804 Apostolis
387 1729 618 1799 successerunt,
637 1741 754 1803 nempe
774 1723 983 1801 collegialiter
1004 1728 1036 1788 et
1053 1723 1190 1802 singula·
1295 1782 1296 1810 ,

208 1823 279 1884 tim.
298 1823 398 1900 Igitur
420 1823 590 1900 dupliciter
607 1824 688 1883 fiunt
707 1822 880 1901 participes
901 1821 1067 1900 regiminis
1081 1821 1190 1884 Eccle-

209 1919 275 1992 siae,
296 1919 359 1978 sive
376 1919 450 1996 qnia
466 1923 538 1980 sunt
553 1917 698 1979 membra
714 1919 858 1996 corporis
874 1918 1076 1997 episcopalis,
1094 1936 1112 1978 a
1127 1937 1190 1998 quo
1297 1973 1298 1994 ,

209 2015 354 2076 Ecclesia
372 2014 556 2075 universalis
579 2014 785 2093 gubernatur,
810 2017 873 2078 sive
894 2018 969 2096 quia
982 2016 1125 2078 Christus
1139 2033 1191 2078 vo
1298 2064 1299 2090 ,

210 2111 269 2174 luit
285 2116 320 2173 nt
334 2110 484 2174 Ecclesiae
499 2111 705 2189 particulares
718 2113 907 2193 regulariter
923 2115 1092 2194 Episcopis
1102 2128 1193 2176 com·
1233 2165 1237 2174 .

211 2209 416 2271 mitterentur
425 2209 584 2288 regendae.

251 2306 375 2368 Dicitur
389 2310 421 2367 5⁰
440 2305 503 2368 Uao
517 2327 582 2367 cum
601 2305 746 2388 Pontificc
758 2307 891 2370 Romano
904 2303 1071 2398 Ecclesium
1091 2308 1192 2370 docen-

213 2414 266 2466 tem
278 2424 328 2465 scu
340 2413 486 2486 repentem
501 2403 649 2486 afficiunt.
669 2437 709 2450 -
728 2405 868 2467 Christus
889 2399 1193 2483 enim,cun1Petro

87 2548 89 2551 -
124 2539 125 2542 =
212 2507 243 2564 ct
258 2502 424 2581 Apostolis'
437 2501 572 2564 contulit
590 2506 781 2581 potestatem
797 2504 928 2581 regendi
947 2505 1133 2580 Ecclesiam,
1150 2521 1192 2566 eo

210 2601 280 2680 ipso
308 2600 446 2662 instituit
468 2600 718 2680 perpetuitatem
741 2605 774 2662 et
797 2601 950 2663 unionem
973 2602 1130 2664 Primatus
1159 2607 1190 2664 et

211 2699 431 2778 Episcopatus.
447 2699 604 2778 Equidem
624 2700 783 2759 Romanus
799 2700 944 2762 Pontifex
959 2705 1007 2762 est
1020 2705 1128 2782 rector
1145 2718 1193 2762 su·

211 2811 351 2874 promus,
371 2797 427 2856 sed
443 2796 528 2856 illins
539 2796 694 2875 primatus
708 2813 773 2857 non
786 2797 925 2859 excludit
941 2798 1118 2878 Episcopus
1127 2802 1194 2860 tan·

213 2910 307 2974 mam
322 2893 433 2955 fratres
452 2898 483 2954 et
500 2895 729 2973 Apostolorum
745 2911 955 2956 successores.
976 2896 1100 2976 Corpus
1118 2913 1193 2957 vero

212 2990 392 3069 episcopale
422 2989 558 3052 includit
580 3007 797 3054 successorem
820 2993 904 3053 Petri
925 2997 1078 3071 tanquam
1098 2997 1193 3072 caput

211 3088 361 3150 Ecclesia
386 3092 417 3150 ct
439 3093 584 3150 centrum
607 3089 749 3152 unitatis
773 3089 872 3170 Igitur
891 3089 1055 3168 Episcopi,
1079 3089 1193 3152 sivein

212 3187 355 3248 conciliis
379 3187 571 3267 congregati,
600 3187 720 3248 sivein
745 3187 808 3247 suis
836 3186 977 3248 ecclesiis
1002 3186 1191 3262 residentes,

212 3297 338 3358 semper
352 3283 519 3354 efformant
533 3301 606 3346 cum
620 3282 773 3345 Pontiflce
789 3285 933 3345 Romano
954 3299 1055 3344 unum
1076 3301 1194 3363 corpus

212 3376 342 3448 morale,
361 3395 424 3454 quo
436 3383 683 3458 representatur
698 3378 842 3441 universa
856 3378 1010 3442 Ecclesia.

253 3471 375 3534 Dicitur
409 3477 440 3534 6⁰
478 3475 612 3556 Siopulis
641 3475 808 3538 dioecesibus
829 3475 883 3536 sub
919 3473 1071 3557 Pontificc'
1088 3473 1198 3558 precli·
