2626 4258
206 295 259 342 39⁰
376 292 531 340 EXPOSlTlss
550 290 726 337 HETEODIGA
746 291 829 338 sums
852 294 1007 342 ctuorttct.

204 415 338 475 cernunt
360 410 399 474 ab
418 409 578 490 Episcopo
592 407 822 486 requirendum
837 428 905 474 esse
927 413 1059 492 capituli
1074 415 1188 478 consi-

205 511 296 585 lium,
313 526 340 572 v.
357 529 387 589 g.
405 508 438 568 in
456 507 660 570 convocanda
676 508 807 588 synodo,
825 508 858 570 in
887 511 1062 574 condendis
1082 517 1189 575 statu·

206 609 258 683 tis,
272 613 332 669 etc.
411 671 415 678 ,

244 707 296 768 Ill.
314 704 359 766 De
369 703 510 785 requisito
520 703 645 784 capituli
653 721 799 786 consensu.
812 736 852 748 -
862 694 1038 769 consensus
1051 709 1190 790 capituli

205 822 270 866 non
285 801 457 881 requiritur
467 801 529 860 nisi
543 801 575 860 in
589 799 714 861 casibus
726 817 744 860 a
755 800 826 878 jure
841 805 1007 882 expressis.
1020 807 1111 869 Ratio
1124 814 1186 884 est,

206 899 489 981 duiaordinarium
515 899 658 982 regimen
685 898 831 962 dioecesis
855 902 1013 984 Episcopo
1032 906 1189 970 commit-

206 1004 295 1066 titur.
899 1013 900 1016 ’

246 1103 391 1164 Jamvero
418 1099 535 1178 duplex
559 1097 765 1179 distinguitur
779 1100 901 1180 specics
923 1104 1127 1183 negotiorum
1151 1107 1190 1168 in

207 1197 322 1276 quibus
355 1215 393 1258 ex
418 1196 489 1274 jure
514 1196 709 1258 necessarios
738 1202 785 1260 est
819 1197 951 1276 capituli
978 1217 1152 1263 consensus
1178 1223 1188 1264 z

208 1295 301 1374 hujus
315 1293 402 1355 modi
416 1298 489 1354 sunt
508 1294 636 1372 negotia
661 1312 732 1372 qum
750 1295 797 1354 vel
817 1297 959 1358 ecclesiae
981 1299 1028 1358 vel
1044 1300 1191 1378 capitulo

207 1392 430 1473 praejudicium
457 1391 602 1452 atterunt.
625 1391 674 1452 Ad
690 1391 831 1470 priorem
855 1395 996 1472 speciem
1023 1399 1191 1475 pertinent

131 1485 138 1495 ’
208 1490 309 1570 gravis
336 1489 488 1570 obligatio
511 1489 654 1549 ccclesiae
687 1506 744 1566 per
767 1495 967 1551 contractum
990 1491 1187 1571 inducenda,

155 1633 157 1638 ,
208 1587 355 1650 alienatio
365 1588 410 1649 rei
425 1587 582 1667 pretiosa.
594 1587 642 1647 Ad
659 1587 789 1648 alteram
801 1588 941 1666 speciem
957 1596 1090 1668 spectat,
1107 1611 1137 1654 v.
1154 1611 1186 1672 g.

209 1689 344 1750 mutatio
360 1689 539 1749 innumero
557 1686 796 1748 canonicorum.

249 1789 305 1850 IV.
325 1785 507 1848 Consuetudo
525 1785 699 1864 plurimum
714 1785 796 1846 valet
818 1785 851 1846 in
875 1785 933 1848 hac
953 1788 1096 1850 materia.
1114 1791 1195 1870 Epi-

210 1901 343 1964 scopum
360 1885 393 1945 in
407 1883 597 1962 quibusdam
611 1875 714 1944 causis
727 1883 865 1944 eximere
883 1888 988 1962 potest
1010 1883 1050 1946 ab
1065 1885 1191 1967 ohliga-

209 1984 297 2046 tione
307 1982 490 2060 requirendi
511 1981 680 2042 consilium
695 1981 743 2041 vel
759 1997 950 2056 consensum¹
963 1984 1106 2063 capituli.

252 2085 400 2143 Attamen
436 2074 642 2158 prescribere
674 2079 784 2157 nequit
803 2081 1002 2142 consuetudo
1023 2099 1192 2160 nunquam

212 2177 398 2259 exquirendi
410 2175 582 2238 consilium
599 2177 646 2236 vel
664 2193 855 2237 consensum
867 2179 1010 2256 capituli.
1025 2179 1118 2240 Ratio
1130 2185 1188 2253 est,

215 2285 282 2342 tum
297 2275 371 2355 quia
392 2273 589 2335 consuetudo
608 2273 764 2352 ejusmodi
782 2275 911 2336 cederet
930 2275 962 2334 in
978 2293 1069 2356 graue
1092 2277 1193 2338 detri-

216 2384 360 2439 mentum
381 2373 546 2447 Ecclesia,
566 2377 637 2434 tum
664 2373 737 2452 quia
758 2375 956 2454 praecipuum
979 2375 1076 2437 linem
1097 2395 1191 2438 suum

211 2493 276 2538 non
293 2479 538 2554 assequerentur
564 2471 711 2550 capitula,
738 2489 808 2549 quaa
836 2472 876 2532 ab
900 2473 1043 2535 Ecclesia
1061 2473 1191 2536 luerunt

212 2573 355 2636 instituta
367 2578 519 2651 tanquam
534 2575 660 2630 sanatus
674 2569 919 2650 Episcoporum.
996 2579 999 2585 ’
1014 2571 1019 2585 “

321 2787 435 2846 Qonsrto
448 2788 484 2835 2¹.
508 2809 539 2819 -
558 2783 595 2834 Da
611 2791 750 2831 rorrsrtrs
765 2793 876 2831 csrrrunr
893 2793 952 2832 sunu
962 2792 1080 2858 ruspans.

253 2945 737 3026 Disserendumastt⁰ingenere
751 2945 942 3026 decapitata
958 2947 1032 3008 sede
1041 2954 1190 3027 vacante;

213 3050 245 3110 2⁰
260 3047 294 3108 in
305 3047 411 3128 specie
424 3047 464 3108 de
474 3043 599 3109 vicario
615 3043 792 3123 capitulari.

479 3261 541 3312 1.·-
555 3258 588 3310 lle
603 3257 712 3322 capitulo
728 3255 786 3306 sede
801 3263 915 3310 vacante.

254 3424 279 3476 l.
293 3419 430 3490 Episcopo
442 3415 570 3472 succedit
585 3414 760 3486 capitulum.
818 3494 819 3500 ἵ

214 3550 219 3562 .
254 3512 278 3564 2.
294 3506 391 3571 Qualis
401 3500 563 3574 jurisdictio
576 3503 612 3560 ad
627 3503 790 3576 capitulum
806 3501 983 3562 devolvetur.
