2620 4258
456 204 530 248 PARS
558 203 722 250 sanctatis.
903 239 905 242 -
1025 206 1080 252 265

100 322 217 383 ciuntur
229 340 347 383 manere
360 321 520 384 ordinario.
540 325 671 386 —Cum
685 325 801 404 singuli
825 324 977 404 Episcopi
994 329 1081 404 Apo·

99 420 185 482 stolis
197 421 372 481 succedant
382 426 537 499 quatenus
545 421 956 501 destinanturadregendas
967 424 1079 484 Eccle-

99 519 156 579 sias
172 518 400 594 particulares3
431 535 505 580 curn
527 535 642 580 munus
671 519 853 598 episcopale
876 537 941 580 non
963 519 1103 617 habeat·

96 616 163 694 jure
175 615 283 676 divino
296 619 418 677 certam
431 615 745 692 determinationem,
759 634 861 696 neque
870 617 903 676 in
917 618 1078 680 territorio

97 714 143 774 vel
162 713 307 790 personis
322 713 508 788 subdendis,
524 730 628 793 neque
652 715 685 775 in
696 715 928 794 jurisdictionis
940 715 1075 790 actibus,

95 809 155 871 tria
172 815 348 888 sequuntur
364 829 371 870 :

135 906 271 967 Primum
284 925 295 967 .·
315 905 589 985 quemadmodum
604 907 750 987 Apostoli
764 907 940 986 Episcopus
955 909 1075 970 consti-

93 1011 221 1067 tuerunt
234 1005 289 1066 uni
303 1006 376 1068 loco
391 1006 538 1067 addictos
557 1009 589 1066 et
608 1005 705 1084 capiti
729 1005 882 1066 Ecclesiae
902 1005 1076 1084 subjectos,

95 1101 137 1162 ita
158 1119 242 1163 nunc
267 1107 406 1181 potestas
430 1103 628 1181 singulorum
650 1101 884 1182 Episcoporum
908 1108 1078 1165 coercetur

95 1199 175 1260 intra
191 1201 267 1261 fines
284 1199 442 1277 dioecesis,
459 1201 500 1261 ad
516 1217 612 1280 quam
632 1200 821 1262 anctoritate
836 1200 953 1261 summi
968 1201 1075 1263 Ponti-

94 1297 162 1358 flcis
179 1297 267 1357 missi
283 1305 367 1360 sunt.

130 1393 297 1456 Secundum
313 1413 324 1455 :
352 1395 386 1454 in
399 1396 496 1455 finem
512 1395 643 1456 unitatis
659 1399 798 1472 potestas
812 1394 955 1474 ipsorum
970 1394 1081 1455 subor-

94 1492 224 1554 dinatur
242 1492 340 1571 capiti
360 1493 522 1567 Ecclesiae,
546 1491 631 1570 quod
650 1493 832 1554 moderatur
853 1492 939 1552 illius
959 1491 1081 1554 exerui-

92 1590 188 1651 tium.
203 1593 248 1652 De
263 1592 326 1650 lide
339 1595 397 1665 est,
413 1591 587 1668 Episcopus
602 1589 730 1652 subesse
747 1589 883 1651 decretis
897 1592 934 1650 R.
948 1589 1079 1651 Pontifi-

91 1703 169 1748 cum
195 1693 227 1748 et
253 1688 480 1761 Conciliorum,
505 1695 687 1766 'eorumque
711 1683 969 1766 jurisdictionem
994 1686 1078 1747 intra

93 1786 251 1862 quosdam
265 1785 383 1846 limites
403 1784 560 1847 contineri
576 1801 679 1864 posse.
702 1785 822 1846 Revera
841 1783 1081 1845 circumscribi-

95 1890 167 1944 tur:
187 1885 219 1942 l⁰
237 1883 371 1944 Ratione
386 1899 597 1961 personarum
616 1902 624 1957 ;
645 1881 914 1960 licetgeneratim
931 1895 1080 1959 compre·
1177 1897 1191 1926 -·

97 1981 215 2042 hendat
229 1980 404 2058 omnesqui
420 1980 537 2042 suntin
550 1980 691 2055 dioecesi,
708 1979 839 2058 quidam
853 1983 961 2040 tamen
972 1995 1009 2039 ac
1022 1997 1078 2057 po·
1101 2035 1103 2041 s

97 2078 255 2139 tissimum
282 2079 442 2157 regulares
474 2095 512 2138 ex
535 2078 724 2140 auctoritate
751 2079 784 2139 S.
810 2077 901 2140 Sedis
920 2076 961 2138 ab
980 2093 1018 2137 ea
1046 2076 1080 2135 in

96 2176 237 2253 pluribus
260 2176 452 2237 eximuntur.
476 2179 508 2236 2⁰
531 2177 665 2237 Ratione
686 2191 808 2250 rerum,
828 2175 989 2254 siquidem
1013 2191 1080 2234 res-

95 2274 244 2352 tringitur
276 2279 346 2335 tum
383 2271 507 2350 legibus
548 2273 702 2334 Ecclesiae
733 2272 932 2350 generalibus
968 2277 1080 2333 contra

95 2388 170 2449 quas
181 2371 264 2431 nihil
278 2375 415 2432 statuere
430 2369 735 2448 potestEpiscopus,
748 2373 817 2428 tum
829 2369 932 2430 causis
944 2369 1079 2448 maj0ri-

95 2466 236 2548 busque
252 2467 337 2546 apud
353 2467 470 2528 Sedem
486 2464 704 2543 Apostolicam
714 2465 888 2526 tractandae
907 2469 992 2545 sunt,
1011 2470 1077 2524 tum

96 2563 371 2652 reservationibus.
660 2633 663 2639 Δ

130 2663 261 2724 Tertium
276 2663 355 2723 :hac
381 2659 577 2739 subjectione
591 2647 684 2732 salva,
701 2656 851 2736 Episcopi
879 2655 1075 2718 dioecesibus

95 2761 312 2838 praeficiuntur
333 2773 408 2819 cum
421 2761 577 2834 potestate
589 2753 737 2830 docendi,
752 2753 970 2818 sanctificandi
978 2755 1018 2834 [et
1032 2771 1082 2816 re·

95 2859 200 2936 gandi.
218 2858 333 2920 Merito
349 2857 499 2918 dicuntur
512 2854 586 2914 fidei
602 2854 752 2915 custodes
773 2855 803 2913 et
816 2851 954 2931 judices,
970 2857 1084 2930 past0-.

96 2972 143 3015 res
160 2955 326 3031 ordinarii,
350 2954 570 3032 legislatores;
591 2951 721 3013 illorum
746 2953 854 3012 tamen
868 2949 990 3030 judicia
1011 2953 1078 3009 non

22 3107 23 3138 ,
98 3058 170 3114 sunt
203 3051 465 3126 irreformabilia,
493 3065 568 3110 nam
594 3049 744 3128 Episcopi
763 3047 934 3122 diaecesani
962 3063 1080 3108 vocan-

22 3149 23 3164 ,
98 3155 146 3210 tur
153 3151 193 3210 ad
207 3155 330 3228 partem
345 3147 580 3223 sollicitudinis,
598 3165 662 3208 non
670 3148 710 3206 ad
721 3145 955 3224 plenitudinem
967 3147 1078 3223 potes-

22 3243 23 3276 *
100 3249 184 3310 tatis

135 3347 210 3408 Haec
223 3311 330 3407 omnia
343 3345 500 3404 constant.
516 3342 667 3419 Superest
679 3343 715 3401 ut
726 3355 906 3400 sermonem
928 3339 1076 3402 institua-

103 3457 169 3502 mus
185 3444 223 3504 de
243 3443 418 3518 modoque
447 3437 656 3517 Episcopatus
671 3437 868 3500 dioecesanus
887 3437 1079 3518 suscipiatur

104 3543 133 3600 et
141 3547 334 3602 exerceatur.
353 3537 453 3615 Igitur
464 3535 581 3616 duplex
596 3535 657 3596 erit
670 3535 895 3616 paragraphus.
