2588 4272
192 232 224 282 'ts
365 236 523 284 lexeosIan
544 233 720 284 aafflobloa
739 233 822 282 mals
843 234 999 282 cauonlcl.

192 461 305 521 Quasrro
317 461 562 522 2·.-Gouumours
571 472 704 524 aaoursrra
714 473 744 510 un
756 473 913 514 consuasore
922 473 969 512 rur
979 473 1048 510 auore
1057 469 1164 509 aarum.

229 633 265 694 ln
280 649 393 712 genere
406 633 601 695 consuetudo
618 632 689 694 talis
704 649 771 694 esse
793 633 889 694 debet
910 637 945 693 ut
968 629 1037 710 ipsi·
1049 645 1163 692 eonve-

190 730 257 792 niat
270 730 413 792 delinitio
426 731 516 810 legis,
531 748 648 810 nempe
656 736 691 794 ut
706 737 852 810 respeotu
864 729 1009 791 societatis
1019 734 1167 790 constan·

191 833 269 904 tem,
287 827 509 908 obligatoriam
519 833 550 890 et
557 836 663 889 rectam
677 828 870 891 voluntatem
884 825 1058 908 legislatoris
1075 823 1167 887 exhi-

194 925 277 988 beat.
728 979 763 988 .,
843 949 845 956 ’

234 1025 270 1084 ln
302 1023 406 1102 speeie
439 1021 638 1084 conditiones
666 1021 872 1101 requiruntur
904 1026 973 1084 tum
1010 1039 1047 1083 ex
1076 1027 1168 1099 parte

194 1120 348 1196 societatis,
365 1125 433 1181 tum
447 1137 486 1182 ex
506 1120 594 1200 parte
604 1120 717 1202 objecti,
741 1126 811 1181 tum
828 1138 866 1181 ex
882 1125 971 1199 parte
992 1118 1172 1200 legislatoris

196 1224 228 1279 et
240 1217 403 1297 temporis

234 1318 260 1376 1.
273 1317 318 1382 ar
327 1319 417 1394 parte
433 1313 579 1375 societates
592 1314 764 1394 requiritur
776 1315 803 1374 l.
823 1315 962 1377 Societas
976 1315 1128 1394 perlecta,
1140 1319 1174 1375 et

195 1412 322 1475 habitus
335 1413 463 1491 maj0ris
473 1413 575 1491 ·pa1tis
589 1412 802 1474 subditorum.
817 1413 909 1474 Ratio
918 1413 1013 1492 primi
1026 1417 1085 1488 est,
1098 1411 1175 1494 quia

196 1512 394 1574 consuetudo
413 1513 515 1590 legem
538 1509 696 1585 imitatum
721 1511 808 1591 atqui
824 1511 1002 1596 subJeotum
1026 1509 1104 1588 legis
1121 1519 1173 1574 est

197 1609 332 1671 societas
357 1609 505 1688 publioa;
528 1627 557 1671 v.
585 1629 614 1690 g.
638 1609 821 1670 universalis
834 1609 985 1684 Ecclesia,
1012 1605 1176 1673 dioecesis.

196 1707 297 1788 Igitur
312 1715 456 1787 personae
469 1707 610 1787 privatae,
626 1707 675 1768 vel
691 1707 786 1769 etiam
801 1725 873 1768 usus
882 1707 998 1769 looales
1011 1715 1179 1782 nequeunt

197 1806 375 1886 legitimam
388 1805 651 1868 consuetudinem
664 1793 880 1869 introducere.
972 1827 975 1836 ’
1078 1792 1080 1800 ’

240 1903 331 1966 Ratio
341 1905 472 1966 secundi
482 1911 539 1980 est,
551 1905 624 1984 quia
634 1892 795 1966 universus
808 1905 1014 1984 populusnon
1023 1915 1176 1974 censetur

200 2001 234 2063 in
247 2001 280 2063 id
291 2003 482 2079 consentire,
493 2003 577 2081 quod
587 2017 652 2064 non
664 2009 829 2065 exercetur
839 2019 858 2062 a
870 2001 982 2082 majori
995 2011 1085 2084 parte
1097 2007 1176 2070 sub-

123 2167 126 2171 ,
202 2099 353 2162 ditorum.
558 2087 560 2092 ¹

240 2199 270 2258 Ξ.
299 2196 482 2276 Requiritur
507 2197 640 2276 qualitas
663 2204 933 2280 actuum,·nempe
965 2207 1113 2264 constans
1141 2207 1175 2265 et
1236 2187 1237 2191 ¹

200 2293 328 2376 publiea
348 2295 560 2374 frequentatio
579 2301 709 2360 actuum
730 2297 866 2361 scienter
880 2302 912 2358 et
929 2295 1030 2361 libere
1052 2301 1179 2364 exerci-

201 2399 318 2458 torum.
594 2399 596 2403 ‘
1083 2407 1085 2412 ·

240 2495 331 2556 Ratio
341 2498 399 2570 est,
417 2491 490 2574 qnia
505 2493 555 2556 lex
570 2499 616 2556 est
630 2495 737 2575 regula
749 2495 887 2576 publica,
905 2495 1036 2574 stabilis,
1051 2514 1089 2558 ex
1103 2516 1181 2578 pro·

201 2593 306 2672 positu
319 2592 475 2654 intimata.
495 2593 650 2656 Praeterea
671 2593 697 2653 si
715 2592 897 2673 hujusmodi
916 2599 1004 2657 actus
1027 2613 1092 2657 non
1115 2596 1181 2658 sint

201 2689 387 2768 uniformes,
410 2688 543 2770 publici,
569 2691 673 2769 liberi,
696 2691 846 2770 praesumi
870 2692 982 2773 nequit
1004 2710 1180 2756 consensus

203 2789 374 2853 societatis.
596 2797 599 2804 “

208 2901 211 2904 “
242 2890 272 2952 3.
309 2885 492 2968 Requiritur
512 2887 646 2950 intentio
668 2888 842 2952 inducendi
875 2887 1115 2968 obligationem,
1153 2889 1181 2952 si

204 2987 400 3051 consuetudo
409 2986 449 3048 sit
458 2985 698 3068 praeterlegem;
712 2987 791 3049 ratio
803 2991 860 3064 est,
871 2986 944 3065 quia
955 2987 1111 3050 lexlertur
1120 3005 1182 3067 per

151 3107 157 3119 “
204 3087 336 3150 modum
348 3085 550 3166 obligationis
565 3107 573 3161 ;
590 3092 678 3148 actus
698 3103 771 3148 vero
786 3084 947 3166 agentium
962 3103 1025 3147 non
1043 3103 1182 3166 operan-

203 3188 256 3247 tur
278 3185 360 3248 ultra
372 3186 581 3250 intentionem
595 3197 723 3260 eorumt
738 3204 765 3246 v.
778 3202 807 3264 g.
824 3185 930 3264 plures
946 3189 1018 3247 sunt
1036 3185 1183 3247 laudabi-

203 3280 248 3340 les
272 3283 516 3344 oonsuetudines
542 3301 630 3345 mera
655 3283 821 3345 devotione
851 3283 996 3361 invectae,
1019 3303 1091 3363 quae
1112 3301 1182 3346 non

203 3377 331 3460 pariunt
343 3379 580 3458 obligationem.
684 3389 687 3398 '

242 3477 287 3538 ll.
309 3477 355 3560 liar
377 3479 465 3555 parte
488 3476 602 3560 objecti,
623 3477 704 3540 siout
727 3479 859 3542 materia
885 3479 964 3561 legis
987 3477 1093 3544 debet.
1110 3495 1181 3542 esse

205 3575 339 3639 honesta
355 3575 386 3636 et
401 3573 498 3648 utilis,
514 3573 557 3636 ita
570 3575 742 3654 requiritur
760 3581 795 3638 ut
808 3578 1006 3640 eonsuetudo
1027 3576 1069 3640 sit
1086 3577 1181 3650 ratio·
