2604 4270
464 213 538 264 PARS
561 218 742 269 centenus.
1046 217 1077 265 tl

139 337 169 398 3.
194 335 318 416 Singuli
342 336 492 416 Episcopi
518 353 583 399 non
607 342 679 400 sunt
704 336 830 418 prediti
858 335 1079 418 personalibus

69 496 71 500 ,
103 435 316 514 praerogativis
332 436 570 514 Apostolorum,
583 455 611 498 v.
634 453 677 515 g.,
694 437 786 498 donis
800 437 1026 500 miraculorum
1047 439 1080 498 et

103 531 346 608 infallibilitatis,
377 533 491 612 quibus
504 535 554 596 vel
569 533 754 596 missionem
775 553 864 596 suam
889 532 1079 614 comproba-

102 637 170 692 rent
181 632 229 694 vel
242 631 276 692 in
290 631 413 694 unitate
428 631 651 694 retinerentur.
675 634 783 710 Neque
805 633 925 694 donum
939 633 1079 694 miraeu-

102 729 226 804 lcrum,
248 747 352 808 neque
383 729 590 791 infallibilitas
616 732 656 792 ad
682 731 836 811 singulos*
852 732 1079 812 Apostolorum

104 844 300 890 successores
310 829 475 906 pervenire
490 829 617 903 dehuit;
630 833 698 891 tum
713 829 787 907 quia
800 846 895 891 nemo
912 829 1080 891 hominum

11 1009 12 1014 ἵ
103 926 196 989 hahet
219 927 271 1006 jus
295 928 480 1006 exigendis
501 929 566 989 Deo
586 928 755 1002 miracula;
781 933 851 990 tum
875 928 949 1007 quia
968 927 1080 988 unitati

11 1099 12 1104 γ
103 1021 325 1086 conservandas
344 1026 523 1087 consultum
537 1026 607 1100 fuit,
625 1026 658 1085 in
674 1043 712 1088 eo
726 1029 811 1104 quod
828 1025 999 1088 auctoritas
1017 1025 1082 1086 sin-

104 1124 249 1202 gulorum
275 1123 506 1202 Episcoporum
530 1123 741 1203 subjiceretur
764 1125 916 1186 Ecclesia)
929 1122 1036 1204 capiti,
1063 1139 1082 1184 a
1158 1161 1159 1164 =

104 1239 164 1301 quo
180 1226 289 1300 potest
303 1221 421 1300 augeri,
437 1222 595 1301 restringi,
614 1219 741 1283 aulerri.
1082 1301 1085 1308 ,

139 1323 170 1382 l.
184 1321 307 1382 Praeter
321 1319 533 1381 sacerdotium
555 1321 641 1399 quod
658 1335 859 1382 successores·
868 1320 980 1382 habuit
994 1337 1083 1400 pres·

103 1418 241 1499 hyteros,
265 1418 461 1498 singulorum
477 1419 700 1496 Apostolorum
719 1423 860 1497 potestas
875 1419 936 1478 alia
949 1418 1009 1479 fuit
1029 1435 1083 1480 ex-

104 1517 323 1591 traordinaria,
345 1517 406 1576 alia
417 1515 578 1578 ordinaria
592 1518 631 1576 ad
645 1515 820 1595 Episcopos
833 1516 1032 1590 transmissa3
1049 1516 1081 1576 id

105 1621 158 1691 est,
175 1615 248 1676 haeo
262 1619 402 1693 potestas
417 1613 569 1675 dividitur
583 1613 616 1673 in
631 1613 851 1692 Apostolatum
871 1618 902 1674 et
912 1613 1085 1692 Episcopa-

104 1719 179 1776 tum.
197 1715 249 1775 Ad
263 1713 469 1794 Apostolorum
485 1711 622 1790 pertinet
639 1715 778 1790 potestas
795 1709 911 1790 ubique
930 1711 1082 1772 fundandi

104 1811 273 1886 Ecclesias,
293 1817 325 1873 ct
340 1811 517 1890 Episcopos
532 1809 729 1871 instituendi.
752 1808 916 1888 EJusmodi
931 1815 1080 1888 potestas,

11 1917 13 1924 '
104 1909 266 1970 ordinaria
285 1908 319 1968 in
340 1911 433 1971 Petro
454 1909 505 1972 oui
528 1909 672 1972 succedit
687 1911 834 1972 Summus
849 1909 1005 1984 Pontifex,
1024 1909 1085 1970 luit

103 2007 280 2087 personalis
304 2012 335 2068 et
359 2007 607 2068 extraordinaria
631 2008 666 2068 in
689 2007 813 2070 caeteris
836 2007 1008 2086 Apostolis‚
1029 2006 1085 2086 qui

104 2106 159 2166 sub
187 2105 252 2168 isto
278 2110 425 2184 respectu
446 2106 628 2186 singulatim
655 2122 853 2168 successores
873 2123 940 2168 non
963 2105 1085 2168 habue-

103 2207 186 2264 runt.
202 2203 579 2282 Fundatisorulinatisque
590 2204 751 2280 Ecclesiis,
766 2205 1084 2283 tanquamcompleto

104 2319 203 2380 opere
229 2305 361 2380 propter
389 2302 474 2380 quod
500 2318 651 2364 concessa
676 2303 788 2377 fuerat,
824 2318 896 2363 cum
922 2300 1085 2381 Apostolis

104 2399 242 2462 interiit.
607 2452 611 2456 .

142 2501 173 2559 5.
207 2497 389 2559 Auctoritas
410 2495 607 2578 Eptsccputus
629 2501 729 2560 totam
753 2497 874 2559 ordinis
896 2501 1085 2576 potestatem

104 2595 395 2676 complectebatur,
419 2599 450 2657 ct
474 2595 567 2656 simul
590 2596 773 2658 facultatem
795 2595 926 2675 regendi
947 2595 1087 2674 partiou-

11 2717 12 2736 ἢ
104 2695 187 2759 lares
212 2693 382 2756 Ecclesiae.
412 2695 448 2755 ln
473 2693 555 2756 hano
582 2697 773 2772 potestatem
801 2693 953 2774 Episcopi
978 2709 1088 2754 succc-

11 2817 13 2836 ἵ
106 2794 198 2856 dunt.

11 2891 12 2900 ’
144 2895 189 2955 Ut
206 2890 395 2972 episcopalis
413 2889 578 2970 potestatis
602 2889 739 2970 genuina
762 2890 851 2971 origo
873 2908 910 2954 ac
934 2891 1007 2953 idea
1024 2890 1089 2952 for-

105 2997 224 3066 metur,
249 2991 360 3052 sedulo
376 2989 597 3070 distinguenda
620 2995 693 3052 sunt
716 2981 943 3068 Apostolorum
952 2989 1025 3069 jura
1038 3007 1090 3052 ex·

105 3087 322 3151 traordinaria
341 3093 373 3148 et
394 3085 552 3148 ordinaria
567 3085 620 3166 (l).

145 3190 187 3250 ΙΙ.
215 3185 329 3248 Divisio
344 3183 504 3247 dioeceseon.
528 3217 568 3230 -
587 3186 665 3246 Cum
686 3183 800 3264 singuli
821 3182 972 3266 Episcopi
1000 3187 1088 3265 Apo-

107 3287 199 3349 stolis
218 3286 393 3348 succedant
413 3290 567 3364 quatenus
587 3283 625 3343 ad
640 3282 797 3344 Ecclesias
811 3282 1021 3361 particulares.
1038 3301 1089 3345 re·

138 3437 299 3499 (thhillips,
313 3437 352 3485 Du
366 3435 436 3513 croit
451 3434 643 3500 cecltsiasltque‚
664 3434 707 3486 liv.
733 3435 754 3496 1,
771 3407 845 3498 chap.
872 3449 909 3486 ιν.
931 3459 960 3473 -
976 3433 1090 3498 Audisio,

107 3515 186 3565 Droit
199 3517 285 3582 public
298 3515 329 3565 dc
342 3515 459 3580 t’ls'plise,
471 3517 515 3568 liv.
530 3516 550 3578 1,
561 3515 602 3567 tit.
617 3514 829 3577 tt-Zallinger,
839 3515 884 3564 lus
895 3514 1089 3566 ecclesiasticum

107 3596 251 3660 publicam,
264 3610 323 3658 cap.
339 3609 377 3648 ιν.
