2626 4258
234 233 286 280 ara
400 235 556 282 arrosrrro
578 233 753 280 unrnonrcr
775 221 857 279 rurus
880 235 1034 281 aaronica.

272 353 301 414 i.
321 349 461 413 Cooaniri
479 352 657 432 Theolopalis
676 351 817 414 osticium
837 355 886 413 cst
905 351 1103 431 scripturam
1124 334 1213 413 ciero
1275 319 1276 374 Τ

233 453 265 512 et
288 452 405 528 populo
426 453 592 530 explanare
611 456 697 512 extra
716 451 883 511 missarum
905 449 1078 526 solemnia,
1096 448 1212 512 diebus

233 554 265 609 et
279 547 366 608 horis
380 548 419 608 ab
435 550 592 628 Episcopo
607 548 791 628 praestitutis
807 547 864 628 (i).

274 650 303 706 2.
321 635 691 709 CanoniciPoenitentiarii
701 664 815 707 munus
826 647 1023 708 estfldelium
1037 649 1215 709 confessio·
1276 695 1277 698 η

235 761 293 806 nes
322 745 443 807 audire.
471 747 563 824 Apud
592 735 766 806 Ecclesiam
795 745 1009 806 cathedralem
1035 745 1214 808 instituitur

237 843 325 921 quasi
337 843 493 923 parochus
509 843 605 905 totius
621 843 785 916 dioecesis;
804 843 843 904 ab
857 843 924 922 ipsa
936 844 1005 922 lege
1014 843 1215 922 jurisdictio-
1277 908 1278 930 ἢ

236 958 310 1002 nem
326 941 517 1004 ordinariam
530 941 562 1001 in
575 942 642 1002 soro
652 941 778 1002 interno
791 941 1006 1019 consequitur.
1277 935 1278 940 ’

277 1040 427 1116 Uterque,
451 1039 527 1100 dum
547 1056 678 1101 munere
701 1057 758 1101 suo
776 1040 928 1119 iungitur,
945 1043 1093 1101 censetur
1110 1040 1212 1101 choro

236 1135 399 1199 interesse.

541 1297 659 1348 Canonici
673 1295 898 1359 supernumerarii.

276 1457 549 1537 Supernumerarii
564 1459 713 1520 dicuntur
727 1456 872 1518 canonici
888 1457 942 1535 qui
957 1460 1030 1518 sunt
1048 1460 1137 1518 extra
1152 1475 1214 1517 nu·

144 1632 145 1636 ¹
236 1571 358 1617 merum
371 1561 444 1617 actu
458 1556 616 1634 rigentem
629 1555 662 1616 in
678 1556 829 1634 capitulo.

275 1655 299 1715 Ι.
315 1653 342 1713 T
336 1653 433 1734 replear
444 1654 565 1714 istorum
576 1654 682 1736 spectes
696 1653 911 1732 distinguitur.
927 1685 965 1696 -
979 1651 1086 1712 Prima
1100 1669 1212 1713 eorum

236 1758 284 1814 est
304 1753 357 1832 qui
376 1751 473 1814 creati
489 1757 561 1812 sunt
574 1769 592 1812 a
605 1753 641 1812 R.
658 1752 813 1824 Pontifice
833 1767 907 1812 cum
925 1749 1136 1830 exspectatioa,
1168 1748 1212 1810 ni-

236 1848 351 1910 mirum
372 1847 485 1928 quibus
496 1851 578 1927 Papa
587 1850 722 1911 contulit
733 1849 955 1910 canonicatum
967 1854 997 1910 et
1007 1847 1212 1926 praebendam

235 1947 340 2026 primo
352 1952 542 2007 vacaturam.
559 1945 675 2021 Altero,
693 1964 804 2008 eorum
816 1945 871 2026 qui
884 1947 966 2007 ultra
977 1955 1149 2008 numerum
1158 1964 1213 2008 an-

235 2044 358 2122 tiquum
377 2060 434 2122 per
450 2043 644 2104 erectionem
658 2061 748 2104 novae
765 2043 946 2122 praebendae
964 2044 1165 2123 recipiuntur
1179 2045 1212 2106 in

234 2141 416 2204 canonicos
441 2140 548 2215 Tertio,
563 2158 675 2202 corum
690 2142 744 2220 qui
759 2142 826 2208 sine
841 2143 1012 2221 praebenda
1026 2143 1074 2205 vel
1096 2159 1212 2222 expec-

234 2240 328 2302 tatira
346 2243 493 2302 creantur
511 2238 550 2298 ad
574 2237 723 2313 honores,
748 2245 779 2300 et
801 2238 954 2300 honorarii
972 2247 1208 2320 nuncupantur.

274 2339 381 2402 Prima
398 2338 520 2416 species
542 2355 607 2400 non
626 2338 817 2398 attendenda
839 2338 977 2413 videtur3
1008 2339 1127 2401 etenim
1148 2358 1212 2402 non

236 2438 430 2518 estamplius
445 2437 478 2496 in
492 2455 561 2510 usu,
583 2454 656 2498 cum
671 2435 894 2497 'tridentinum
909 2436 1088 2498 Concilium
1104 2438 1214 2517 hujus·

236 2537 323 2600 modi
345 2536 459 2614 gratias
482 2535 692 2615 expectativas
715 2534 928 2612 prohibuerit.
950 2536 1096 2597 Secunda
1117 2537 1213 2598 etiam

236 2635 394 2696 eliminari
412 2639 533 2714 potest3
550 2650 624 2693 nam
642 2632 813 2694 accedente
836 2649 918 2710 nova
936 2633 1134 2709 fundatione,
1159 2651 1213 2694 ca-

235 2734 369 2796 nonicus
383 2733 442 2795 ista
460 2733 631 2814 praebenda
649 2730 791 2810 provisus
809 2745 880 2790 vere
894 2735 941 2790 est
956 2731 995 2790 de
1010 2748 1145 2793 numero
1159 2749 1212 2792 ac-

202 2861 205 2864 ·
237 2832 314 2892 tuali
336 2831 574 2893 canonicorum.
597 2829 729 2892 Nonnisi
745 2827 867 2890 ratione
884 2827 1007 2908 antiqui
1025 2829 1150 2892 numeri
1164 2829 1214 2890 di-

237 2931 320 2992 citur
333 2929 637 3007 supernumerarius.

277 3029 426 3108 Superest
437 3027 667 3110 consideranda
681 3024 775 3087 tertia
790 3023 922 3104 species.

276 3129 314 3189 ΙΙ.
337 3125 548 3188 Cononiccrum
570 3125 610 3187 od
628 3125 748 3188 tonores
770 3123 912 3206 legitima
927 3122 1085 3188 institutio
1104 3129 1136 3187 et
1150 3125 1216 3204 pri-

235 3223 358 3304 vilegia.
895 3293 897 3298 ,

276 3327 303 3382 t.
320 3323 518 3384 creationem
532 3338 641 3382 eorum
655 3338 723 3383 esse
739 3320 898 3401 lepitr'mom
913 3324 1037 3382 constat
1051 3337 1088 3381 ex
1102 3325 1214 3382 aucto·

236 3417 329 3479 ritate
351 3425 382 3480 et
400 3420 532 3481 ratione.
556 3420 604 3480 Ad
626 3418 847 3480 auctoritatem
863 3418 947 3496 quod
968 3417 1090 3493 attinet,
1114 3418 1212 3480 hodie

276 3599 311 3662 (1)
325 3599 472 3650 Benedictus
482 3602 547 3662 xlv,
561 3601 593 3652 de
611 3603 713 3666 Synodo
725 3602 872 3664 dimersum,
885 3601 929 3651 lib.
949 3600 1016 3663 xlii,
1031 3613 1086 3664 cap.
1102 3615 1136 3650 ur.
