2630 4250
183 231 236 277 208
353 231 509 277 EXPOSITIO
531 229 718 276 METEODIGA
738 229 822 276 tulus
844 229 1001 277 cuderunt.

343 438 368 484 l.
383 437 443 484 Jura
458 435 589 497 potcstatis
598 435 804 486 administrativis
819 435 850 484 ll.
866 433 1001 484 Pontitleis.

222 596 245 655 l.
261 593 316 654 dus
330 593 501 656 concedendi
511 595 718 676 eaempttoaes.
747 594 893 668 Quamvis
908 595 1024 674 gradus
1038 593 1169 672 episco-

183 695 262 772 palis
289 693 439 754 divinitus
455 693 495 754 sit
516 693 716 769 constitutus,
737 697 876 772 potestas
895 691 1126 770 Episcoporum
1147 709 1170 752 a

183 791 308 854 Christo
331 790 540 852 determinata
563 807 628 852 non
657 791 725 866 luit,
755 790 811 851 sed
836 789 984 868 prudenti
1011 789 1167 850 Ecclesiae

185 888 316 949 arbitrio
327 888 446 948 relicta.
463 889 496 948 ln
512 889 609 948 finem
621 887 762 964 unitatis,
779 887 887 949 subest
901 887 1002 965 Capiti
1013 888 1169 950 Ecclesiae

182 986 241 1066 qui
256 985 440 1046 moderatur
452 985 536 1045 illius
559 985 756 1061 exercitium,
785 1001 855 1046 eam
871 983 1169 1046 circumscribendo

186 1083 307 1142 ratione
321 1083 478 1157 locorum,
493 1099 700 1162 personarum
714 1087 745 1144 ct
757 1099 874 1144 rerum.

226 1184 334 1259 ltaque
350 1181 463 1241 divinis
485 1181 718 1262 Episcoporum
737 1181 863 1259 juribus
889 1181 974 1242 nulla
988 1180 1024 1240 fit
1037 1179 1169 1258 iniuria,

95 1355 102 1368 .
188 1280 264 1340 dum
280 1280 427 1356 quaedam
451 1296 595 1358 personae
615 1277 836 1358 jiuisdictioue
862 1277 994 1356 alicujus
1018 1275 1172 1357 Episcopi

188 1380 378 1442 eximuntur.
409 1380 535 1440 Etenim
564 1379 766 1442 subditorum
794 1378 970 1458 designatio
1002 1379 1120 1458 pendet
1149 1395 1173 1438 a

187 1476 318 1538 Summo
333 1477 487 1538 Pontifice
499 1477 564 1556 qui,
587 1476 669 1538 sicut
680 1481 786 1556 potest
799 1476 979 1556 portionem
993 1475 1096 1554 gregis
1112 1474 1174 1535 uni

187 1575 316 1637 dioecesi
332 1575 527 1650 subtrahere,
557 1575 613 1650 sic,
627 1575 719 1654 justis
746 1574 912 1648 decausis,
937 1573 1054 1654 poterit
1067 1589 1172 1634 unam

187 1672 362 1733 Ecclesiam
383 1675 430 1734 vel
453 1673 680 1734 monasterium
701 1672 740 1733 ab
763 1672 920 1733 Ordinarii
943 1671 1172 1750 jurisdictione

188 1769 337 1844 eximere,
356 1787 483 1848 sumque
502 1769 651 1848 potestati
666 1769 816 1848 privative
830 1768 977 1848 subdere.

227 1867 452 1944 Exemptiuncs
474 1867 571 1928 veteri
587 1867 756 1945 disciplina
769 1866 921 1928 Ecclesiae
939 1866 1094 1927 nituntur.
1119 1868 1173 1928 De

188 1963 250 2024 illis
263 1961 296 2020 in
308 1962 455 2022 conciliis
470 1968 577 2024 actum
588 1968 646 2037 est,
664 1965 865 2042 neque‘istud
876 1965 929 2044 jus
947 1964 1071 2026 Summi
1082 1965 1175 2026 Pon-

188 2059 288 2121 tificis.
301 2058 334 2118 iu
356 2058 589 2120 dubitationem
610 2061 795 2136 adductum,
822 2079 927 2140 neque
951 2061 1175 2140 exemptiones

188 2157 320 2217 sublatae
342 2157 470 2218 fuerunt
482 2177 490 2232 ;
503 2158 557 2218 sed
574 2157 688 2236 aliquae
703 2161 927 2220 tantummodo
949 2160 1065 2239 regulae
1089 2158 1177 2219 mira

190 2253 344 2332 sapientia
359 2255 498 2316 conditae
509 2261 593 2332 sunt,
608 2273 679 2334 quae
688 2257 726 2318 ad
740 2257 898 2336 legitimas
909 2275 1018 2320 causas
1033 2262 1065 2318 et
1074 2274 1175 2318 usum

191 2353 430 2430 exemptionum
445 2353 616 2434 pertinent.

230 2450 310 2510 illud
326 2452 459 2525 accedit,
472 2451 711 2530 quoddoncilia
720 2457 753 2514 et
761 2453 931 2514 Pontifices
943 2469 1070 2532 semper
1082 2470 1178 2514 caxe-

190 2552 296 2608 runt«
318 2565 359 2610 nc
374 2549 537 2628 privilegia
559 2554 592 2611 et
615 2550 844 2628 exemptiones
868 2567 938 2628 quae
962 2550 1054 2611 variis
1068 2549 1176 2611 titulis

191 2645 422 2719 conceduntur,
438 2645 711 2725 perturbationem
730 2647 765 2707 in
779 2648 1012 2728 Episcoporum
1022 2646 1178 2726 jurisdic-

117 2767 127 2788 ·
192 2741 277 2802 tione
300 2742 490 2817 excitarent,
515 2745 547 2802 et
565 2741 719 2822 exemptis
734 2743 935 2804 occasionem
956 2741 1083 2804 laxioris
1097 2741 1177 2804 vitae

189 2837 379 2917 praeberent.
399 2862 412 2898 a
442 2837 566 2918 (Cooea‘l.
597 2839 740 2914 Tamna,
756 2859 823 2900 sees,
843 2841 987 2920 Ebseap.
1005 2841 1040 2900 ll
1065 2837 1110 2898 De
1122 2855 1177 2898 re-

191 2935 298 3016 sorau.)

230 3036 268 3095 ll.
285 3034 340 3095 Jcis
362 3034 518 3095 statuendi·
531 3035 737 3095 retardationes
752 3035 782 3094 ia
790 3033 1001 3115 jardsdictt'eais
1015 3041 1095 3094 octus
1107 3031 1179 3093 vin·

193 3130 317 3192 dicatur
339 3151 377 3194 ex
402 3131 545 3194 Concilio
568 3130 756 3194 Tridentino
784 3150 791 3193 :
820 3151 834 3189 u
856 3133 969 3194 Merito
1002 3129 1179 3192 Pontifices

191 3227 332 3304 Maximi,
346 3249 403 3309 pro
421 3246 568 3308 suprema
582 3233 739 3309 potestate
749 3229 808 3295 sibi
824 3229 856 3289 in
869 3229 1011 3292 Ecclesia
1025 3228 1175 3290 universa

192 3324 318 3399 tradita,
337 3343 444 3388 causas
459 3327 579 3406 aliquas
597 3327 770 3388 criminum
800 3319 958 3404 graviores
976 3343 1033 3388 suo
1060 3330 1179 3406 potue·

180 3427 267 3482 -runt
282 3424 436 3500 peculiari
448 3425 570 3502 judicio
584 3441 745 3486 reservare
759 3423 842 3504 (1).»
940 3427 943 3434 '
1122 3417 1124 3422 ’

224 3573 260 3635 (tl
282 3572 353 3622 ltulla
369 3571 499 3620 Auctorem
518 3573 589 3636 fidet,
605 3543 732 3624 damnavit
750 3575 810 3624 Pius
826 3575 857 3624 vl
872 3580 924 3624 tres
935 3573 1114 3638 propositiones
1129 3580 1184 3636 sy:
