2604 4270
235 203 269 250 ld
404 203 562 252 hxeoslmo
585 201 762 250 HETHODICA
784 201 867 250 tulus
889 201 1044 248 cadorum.
1085 261 1087 266 ,

126 328 131 339 '
171 305 175 314 ⁸
229 322 306 386 huic
321 321 406 384 enim
416 323 527 384 torma
541 327 696 402 repugnat
707 321 878 386 auctoritas
890 336 1038 402 suprema
1048 321 1084 384 R.
1101 321 1208 384 Ponti·

230 421 310 482 dcis.
325 421 423 499 Igitur
433 421 486 500 qui
500 438 621 484 meram
636 421 867 484 aristocratiam
882 420 1039 482 inducunt
1050 419 1083 480 in
1098 419 1207 483 hiccle-

230 517 309 580 siam
321 517 521 595 catholicam,
538 519 655 598 dogma
664 519 821 580 Primatus
833 517 964 580 omnino
976 519 1154 580 destruunt.

180 687 185 697 ‚
239 673 244 686 ,
268 619 301 678 3⁰
317 615 350 678 Si
369 616 478 678 stricte
492 617 579 698 loqui
595 617 737 692 velimus,
759 616 827 678 dici
850 633 915 676 non
936 620 1042 696 potest
1063 616 1207 696 regimen

230 713 480 776 ecclesiasticum
499 732 567 778 esse
588 731 676 776 mere
690 714 925 788 monarchiam3
940 730 1015 776 eum
1031 713 1116 775 enim
1129 713 1206 792 Epi·

229 816 376 890 scopatus
387 812 427 874 sit
435 812 642 874 institutionis
653 812 779 889 divinae,
790 812 934 874 Pontifex
942 829 1007 874 non
1018 811 1206 874 estunicum

228 910 393 992 potestatis
408 909 598 990 subjectum.

267 1011 300 1068 4⁰
315 1011 457 1070 Potestas
469 1008 700 1088 Episcoporum
713 1009 811 1070 elficit
825 1007 956 1087 quidem
970 1011 1206 1087 temperamen-

228 1109 297 1167 tum
311 1105 562 1168 aristocraticum
573 1125 581 1180 3
591 1105 651 1180 ,sed
667 1105 751 1168 istud
764 1109 1051 1186 temperamentum
1064 1122 1129 1165 non
1141 1105 1206 1166 talc

228 1203 416 1282 intelligitur
438 1204 530 1282 quale
556 1204 662 1266 existit
684 1204 717 1264 in
742 1203 875 1266 statibus
901 1201 1057 1265 civilibus
1083 1203 1205 1264 Florum

229 1301 315 1362 enim
333 1302 435 1363 forma
456 1301 554 1363 mixta
571 1318 608 1364 ex
631 1301 784 1364 divisione
801 1301 921 1382 jurium
939 1299 1056 1361 summi
1075 1298 1205 1377 imperii

228 1397 272 1460 ita
282 1399 392 1468 oritur,
403 1405 437 1461 ut
450 1400 537 1478 quod
547 1400 579 1460 in
596 1415 660 1462 uno
668 1399 811 1478 subjecto
825 1399 907 1460 inest
913 1397 976 1476 jus,
993 1415 1058 1458 non
1070 1396 1160 1458 idem
1170 1394 1203 1455 in

228 1498 326 1560 altero
340 1498 425 1571 insit,
442 1515 545 1578 neque
559 1497 598 1560 ah
620 1499 720 1559 altero
735 1499 883 1577 pendeat.
901 1497 992 1559 Ratio
1008 1494 1204 1558 discriminis

228 1592 1203 1675 est,quiallpiseopatusnihilruouarchiaepontiheiaedetrahit.

266 1692 1201 1774 ILDescrihiturgenuinaregiminisecclesiasticiforma(l).

270 1791 434 1854 theoraoo.
458 1825 498 1840 -
520 1793 673 1872 Regimen
691 1792 840 1854 Ecclesia
863 1809 901 1853 ex
919 1791 1061 1853 Primatu
1079 1795 1110 1852 et
1130 1789 1205 1851 Hie·

227 1889 351 1949 rarchia
366 1893 525 1963 constans,
540 1890 687 1968 inprimis
702 1895 750 1952 est
770 1907 843 1951 vere
862 1888 1057 1963 monarchia,
1081 1893 1202 1966 tempe·

226 1991 313 2046 ratur
326 1985 522 2048 aristocratia
533 1972 601 2047 sine
617 1986 827 2049 diminutione
837 1986 1013 2066 potcstatis,
1028 1986 1202 2047 commoda

226 2083 430 2146 democratia
444 2101 510 2163 praa
523 2101 556 2145 sc
566 2085 627 2146 fert
637 2105 645 2158 ;
657 2101 694 2146 ac
708 2085 842 2164 proinde
858 2085 1036 2165 perlectum
1052 2087 1109 2146 est.

265 2182 386 2244 Dicitur
397 2184 443 2243 1⁰:
458 2181 513 2243 Ea
522 2182 661 2244 Primatu
673 2189 701 2243 et
709 2182 888 2244 Hierurelu’a
898 2189 1021 2258 coastat,
1039 2182 1214 2262 siquidem.

224 2279 318 2340 Petro
339 2283 370 2341 et
393 2279 552 2357 Apostolis
577 2297 752 2361 eorumque
777 2280 1013 2344 successoribus
1035 2297 1054 2341 a
1073 2279 1200 2342 Christo

224 2376 296 2438 data
305 2377 364 2438 luit
376 2377 546 2440 auctoritas
560 2379 690 2458 regendi
704 2380 889 2443 Ecclesiam.
902 2379 1039 2440 Proinde
1054 2379 1199 2458 regimen

222 2475 373 2536 Ecclesia
386 2493 450 2536 non
463 2480 588 2538 tantum
606 2482 653 2539 est
668 2477 863 2552 monarchia,
881 2494 983 2557 neque
1000 2476 1197 2538 aristocratia

222 2577 355 2648 tautum,
370 2575 425 2635 sed
438 2569 571 2654 utraque
584 2575 689 2638 simul.
706 2579 782 2639 Hoec
796 2577 860 2638 duo
876 2591 946 2654 quae
961 2576 1108 2638 videntur
1119 2594 1198 2638 con-

218 2673 325 2748 traria,
346 2673 556 2736 conciliantur
569 2674 602 2735 in
620 2676 757 2754 eoquod
777 2675 893 2754 duplex
915 2681 1104 2756 agnoscatur
1121 2675 1197 2737 suh·

215 2768 337 2849 jectum
351 2771 492 2851 ejusdem
505 2771 667 2852 potestatis
680 2772 914 2835 ecclesiasticas.

258 2868 291 2927 2⁰
305 2866 365 2928 Est
378 2886 444 2929 uere
459 2868 638 2930 monarchia.
657 2870 837 2932 -Etenim
852 2871 1045 2933 monarchia
1061 2871 1143 2934 ratio
1159 2870 1193 2932 in

218 2979 257 3026 eo
268 2970 316 3027 est
325 2965 437 3046 posita,
455 2971 490 3028 ut
500 2983 610 3029 omncs
626 2967 680 3028 uni
690 2967 907 3046 subjiciantur.
924 2968 1019 3048 Atqui
1033 2968 1193 3031 Primatus

217 3061 298 3124 hanc
314 3063 476 3142 regiminis
495 3065 631 3127 formam
647 3065 761 3129 induit.
783 3069 901 3128 Praeter
917 3066 1011 3128 verba
1027 3066 1145 3128 Christi
1160 3071 1193 3129 et
1218 3092 1222 3097 ’

217 3159 431 3239 traditionem,
447 3162 481 3223 id
499 3167 677 3225 constater
697 3163 736 3224 iis
759 3163 862 3226 verbis
885 3163 1000 3244 quihus
1016 3164 1191 3226 concilium

216 3255 435 3320 Florentinum
450 3261 683 3339 plenitudinem
697 3261 868 3342 pontificias
884 3261 1049 3342 potestatis
1070 3262 1193 3342 magni·

245 3405 278 3465 (1)
289 3405 423 3468 'raperent
440 3406 514 3458 Error·
523 3408 648 3476 tlrton'que
657 3409 688 3460 de
696 3409 765 3461 droit
774 3409 887 3472 nataret,
897 3410 959 3462 livre
971 3407 1025 3472 Vll,
1038 3408 1111 3472 chap.
1129 3423 1146 3460 ι.
1161 3434 1195 3446 ·-

211 3483 346 3548 Zalllnger,
354 3484 400 3536 lus
411 3486 600 3540 eechsiaatioum
610 3488 751 3556 publicum,
762 3505 821 3554 cap.
834 3493 860 3544 ὅ.
875 3517 903 3529 -
914 3489 1005 3554 Soglia,
1016 3489 1193 3544 tetrardum

209 3564 283 3630 juris
290 3563 396 3632 publr'ci,
405 3567 451 3618 lib.
471 3568 504 3632 Π,
518 3581 576 3634 cap.
597 3581 626 3632 ιι,
637 3567 653 3632 ἓ
664 3573 705 3622 hh.
