2626 4258
475 256 549 308 PARS
570 255 735 307 crucians,
1039 259 1091 309 tto

152 379 205 440 Eis
217 379 293 442 licet
314 379 348 439 in
362 379 542 454 schismate,
560 381 609 442 vel
628 379 752 442 duobus
770 380 810 440 de
828 380 949 458 Papatu
963 386 1094 443 conten·

113 478 275 553 dentibus,
287 477 458 538 concilium
470 495 643 540 convocare
659 484 693 540 ut
709 477 909 540 chontificc
924 484 1012 541 certo
1024 498 1095 559 pro·

112 573 269 650 videatur,
282 575 438 638 ueletiam
453 575 611 636 intrusum
632 577 801 655 expellere.

152 673 191 734 ll.
209 675 244 734 ln
260 691 389 735 eosnon
403 674 626 752 transitplena
638 674 796 736 Primatus
810 675 1004 754 jurisdictio,
1021 695 1093 756 quae

113 787 133 830 a
148 769 273 832 Christo
288 771 414 832 nonnisi
422 788 566 850 personae
579 773 771 835 Pontillcum
780 775 893 836 collata
908 775 977 837 suit.
994 777 1094 848 Quare

113 866 149 927 in
164 868 315 930 Ecclesiae
328 869 604 932 administratione
617 869 697 931 nihil
712 871 862 960 innovare
873 872 1000 936 debent.

156 966 223 1029 Etsi
247 966 429 1046 jurisdictio
446 967 568 1048 papalis
592 967 632 1028 ad
647 968 733 1047 ipsos
751 987 816 1032 non
833 977 982 1046 transeat,
999 978 1096 1034 eata·

115 1087 192 1132 men
206 1069 311 1130 facere
333 1073 477 1147 possunt,
493 1069 565 1147 quae
578 1069 617 1144 ad
640 1070 792 1132 Ecclesiae
809 1071 1028 1136 defensionem
1042 1073 1098 1134 ad-

114 1185 224 1231 versus
245 1165 387 1244 pericula
401 1166 603 1227 imminentia
617 1173 763 1246 spectant
775 1167 827 1250 (l).

157 1269 251 1331 Juxta
283 1266 366 1329 istud
404 1265 608 1344 principium,
638 1267 814 1328 consulitur
842 1273 910 1331 tum
947 1269 1097 1332 Ecclesia

116 1367 284 1440 univ-ersa,
315 1370 382 1426 tum
408 1364 537 1426 dioecesi
564 1381 720 1443 romana,
742 1371 811 1428 tum
829 1366 1097 1430 administrationi

117 1463 287 1544 temporali
301 1468 400 1544 status
412 1463 580 1542 pontificii.

159 1565 188 1625 l.
206 1555 384 1624 Facultates
411 1562 698 1642 Congregationum
722 1579 924 1625 romanarum
939 1581 996 1644 per
1014 1555 1100 1627 snor-

117 1664 186 1723 tem
206 1658 369 1721 Pontificis
391 1677 455 1720 non
480 1659 635 1738 expirant.
659 1660 758 1739 Maior
775 1661 1041 1737 Poenitentiarius‚
1065 1665 1099 1722 ut

119 1757 299 1819 animarum
318 1757 496 1836 pericnlum
517 1763 688 1834 avertatur,
705 1759 833 1838 expedit
855 1777 891 1822 ea
908 1760 1099 1839 qualorum

119 1855 325 1918 conscientiae
339 1855 1101 1937 respiciunt..

161 1955 190 2016 2.
208 1953 382 2016 Cardinalis
409 1954 562 2032 Vicarius,
581 1953 663 2017 sicot
685 1959 788 2033 antea,
815 1955 978 2018 dioeccsim
999 1929 1101 2018 roma·

119 2053 303 2142 namregit

162 2129 193 2214 3.
213 2151 431 2214 Administrat
410 2157 455 2214 oo
475 2152 661 2232 temporalis
684 2151 838 2230 competit
863 2151 1020 2215 Cardinali
1045 2153 1102 2216 Ga·

122 2251 260 2313 merario
272 2251 423 2314 Ecclesia
435 2253 596 2326 Romana,
613 2251 663 2312 cui
674 2251 823 2312 assistunt
833 2256 897 2311 tres
910 2251 1100 2327 Cardinalcs,

90 2360 93 2366 '
121 2350 271 2412 videlicet
301 2350 422 2429 primus
448 2349 664 2412 cardinalium
700 2347 950 2427 Episcoporum‚
980 2347 1101 2428 primus

121 2447 382 2530 presbyterorum
397 2455 428 2513 et
442 2449 564 2530 primus
578 2446 800 2511 diaconorum.
845 2447 851 2478 ³

326 2682 375 2752 5²·
386 2711 417 2726 -·
434 2682 471 2739 lla
482 2679 751 2751 Conoraoationibus
762 2678 901 2736 Romanln.

165 2873 430 2952 Congregationes
443 2873 595 2934 Romanae
617 2867 812 2931 deliniuntur
836 2887 844 2930 ε
866 2863 1008 2928 distincti
1032 2864 1105 2925 Car·

125 2970 281 3032 dinalium
294 2977 405 3044 coatus,
422 2969 658 3032 aPontilicibus
671 2967 807 3029 instituti
823 2966 862 3027 ad
879 2970 966 3026 certa
978 2961 1106 3040 nogotia
1165 3003 1169 3008 ·

125 3071 276 3147 curanda,
290 3069 491 3132 discutienda
506 3075 537 3131 et
548 3067 726 3148 judicanda
741 3084 798 3146 per
813 3065 956 3144 ipsorum
968 3058 1106 3124 auctori·

124 3171 236 3230 tatem.
650 3151 653 3158 ’

165 3267 302 3328 Diversae
325 3271 399 3330 sunt
418 3274 487 3329 tum
511 3264 634 3328 ratione
653 3263 871 3346 negotiorum,
891 3267 960 3324 tum
984 3260 1105 3324 ratione

122 3364 366 3444 jurisdictionis

126 3552 189 3682 mil)
209 3552 280 3614 Greg.
293 3549 635 3642 xinconcilioLngdunensl
647 3548 671 3602 ll
690 3548 732 3615 (de
748 3547 878 3600 Electtone
880 3561 958 3667 ,cap
974 3545 1020 3598 vti
1033 3545 1106 3612 peri·

169 3645 222 3694 um,
236 3633 262 3693 3,
273 3643 300 3681 ιη
310 3613 412 3695 rr)

246 3726 270 3774 1.
950 3724 984 3770 ¹⁰
1078 3711 1099 3788 ‚¹
