2588 4272
389 287 392 294 1
433 234 507 282 PARS
528 234 692 286 senciens,
868 307 870 312 Ι
1002 235 1055 286 tls

120 357 171 420 111.
184 355 326 420 Potestas
336 353 462 416 Ordinis
476 372 528 416 aar
541 353 642 415 omitti
653 371 704 416 aec
712 352 854 436 rastriapi
854 362 962 436 potest.
977 356 1058 418 Con·

82 455 193 519 cilium
215 453 437 516 'tridentinum
462 453 557 516 docet
578 471 586 514 :
607 452 791 540 «Quoniam
801 451 835 514 in
858 457 1057 516 sacramento

82 551 207 614 Ordinis
225 551 388 614 character
406 550 613 630 imprimitur,
640 550 695 632 qui
715 568 775 613 nec
799 552 897 614 deleri
919 570 979 617 nec
1002 569 1058 614 au-

80 650 153 712 lerri
169 640 285 730 potest,
309 648 424 712 merito
440 655 548 712 sancta
562 651 708 730 synodus
721 651 850 714 damnat
863 667 974 712 eornm
986 667 1059 712 sen·

81 747 225 823 tentiam,
248 747 303 828 qui
315 754 460 812 asserunt
480 747 556 812 Novi
572 747 766 815 Testamenti
782 749 963 810 sacerdotes
977 753 1060 811 tem·

82 846 239 927 porariam
263 847 484 908 tantummodo
507 849 696 926 potestatem
724 845 842 910 habere
864 845 915 927 (l).
939 867 954 906 a
983 847 1059 919 Qum

81 943 335 1022 verbalinnuunt,
348 947 538 1022 potestatem
558 943 668 1006 Ordini
683 961 837 1006 annexam
857 961 925 1006 esse
945 961 1061 1028 perpe·

81 1046 168 1104 tuam
177 1045 211 1104 et
222 1040 449 1104 invariabilem.
462 1041 561 1120 Igitur
574 1041 724 1122 Episcopi
739 1046 770 1104 et
785 1042 966 1104 sacerdotes
979 1059 1061 1104 sem·

82 1158 138 1221 per
149 1145 181 1202 et
194 1139 314 1220 ubique
323 1139 425 1200 valide
437 1146 533 1220 agunt
547 1157 582 1202 ea
595 1158 666 1222 quse
681 1141 710 1202 vi
722 1139 819 1203 solius
832 1141 953 1203 ordinis
969 1158 1062 1222 pera·

104 1243 210 1300 untur.
628 1280 631 1288 -

82 1257 101 1318 g
120 1335 217 1398 Aliud
239 1334 362 1398 obtinet
377 1337 417 1398 de
433 1313 675 1416 jurisdictione.¹
686 1341 764 1400 Cum
779 1354 818 1400 ex
834 1336 985 1400 missione
999 1339 1060 1400 Ec·

84 1433 187 1496 clesim
203 1434 395 1510 conseratur,
416 1432 543 1496 limitari
561 1441 615 1496 aut
636 1436 768 1498 omnino
782 1435 853 1498 tolli
867 1439 987 1514 potest.
1010 1434 1062 1496 Sic

83 1531 286 1610 restringitur
305 1531 486 1610 jurisdictio
506 1532 739 1612 Episcoporum
760 1532 882 1594 ratione
897 1535 966 1592 tum
986 1530 1060 1604 loci,

82 1635 151 1694 tum
172 1629 325 1705 materiae,
349 1635 419 1693 tum
435 1648 654 1710 personarum.
670 1632 809 1694 Omnino
823 1630 948 1694 tollitur
965 1630 1063 1710 juris-

85 1729 181 1792 dictio
201 1729 310 1791 sivein
325 1729 485 1820 Episcopo
503 1729 660 1808 deposito,
679 1730 744 1792 sive
761 1730 794 1792 in
812 1747 851 1794 eo
865 1729 920 1808 qui
933 1729 1064 1808 Episco-

83 1829 170 1910 patui
182 1828 385 1891 renuntiavit.
399 1828 490 1892 Unde
506 1833 596 1890 aetus
606 1828 839 1908 jurisdictionis
853 1827 971 1890 irritari
989 1845 1065 1909 pos-

84 1933 168 1992 sunt.

122 2026 174 2090 lV.
196 2024 332 2087 Potestas
353 2043 412 2086 aaa
432 2027 494 2086 siae
511 2023 607 2087 attera
626 2032 704 2086 stare
715 2031 823 2108 potest.
836 2056 886 2092 ,-
905 2022 1063 2086 Nimirum

86 2123 252 2202 Episcopis
270 2121 449 2184 titularibus
472 2122 551 2185 ordo
576 2124 738 2186 confertur
750 2123 818 2184 sine
830 2122 1061 2202 jurisdictione.

88 2222 232 2284 Econtra
240 2220 417 2300 Episcopus
427 2219 599 2295 institutus,
612 2220 686 2294 licet
696 2222 840 2283 nondum
848 2225 1062 2299 consecratus,

87 2319 341 2400 jurisdictionem
355 2319 389 2380 in
404 2335 494 2380 suam
506 2317 671 2382 dioecesim
684 2318 825 2382 sortitur.

441 2539 661 2596 ARTICULUS
679 2540 708 2596 11
785 2572 789 2582 «

302 2699 385 2742 serus
403 2699 507 2738 oromrs
525 2697 577 2738 'vno
594 2697 797 2739 uurrsnrcrrorus
815 2684 863 2752 (2).

125 2851 151 2911 l.
166 2849 215 2912 Ad
226 2851 417 2928 potestatem
427 2845 553 2907 Ordinis
566 2846 731 2908 referenda
744 2849 791 2908 est
804 2841 955 2924 quaelibet
965 2845 1067 2923 potcs-

91 2947 136 3003 tas
150 2947 350 3004 sacramente
359 2941 407 3002 vel
421 2941 659 3002 sacramentalia
671 2939 855 3020 respiciens,
868 2941 900 3000 et
913 2937 1066 2999 adhristo

91 3042 135 3102 rel
154 3041 193 3104 ab
215 3039 358 3102 Ecclesia
377 3038 422 3100 ita
445 3038 630 3101 immediate
653 3038 749 3101 alicui
779 3036 928 3100 ordinum
955 3035 1066 3115 gradui

93 3139 227 3219 alligata,
242 3143 278 3199 ut
292 3137 394 3199 valide
408 3153 533 3216 semper
547 3142 738 3198 exerceatur.

129 3237 253 3301 Dicitur
266 3237 309 3297 1⁰.
321 3235 370 3295 Ad
382 3235 533 3296 Ordinem
544 3235 679 3296 refertur
687 3235 754 3297 sola
760 3241 889 3315 potestas
899 3235 1067 3300 ministrare-

94 3328 313 3392 disacromeatc
335 3325 382 3388 oet
394 3325 637 3406 samanoeatalio;
661 3328 731 3390 haec
744 3327 829 3389 enim
850 3332 922 3390 sunt
943 3326 1067 3408 objecta

122 3519 159 3584 (t)
172 3521 237 3572 Sese.
252 3521 344 3582 xlllll,
355 3533 413 3582 esp.
431 3532 467 3569 w.

125 3597 262 3664 (tlltoulx,
276 3600 312 3650 De
323 3597 537 3666 preaciptisjara's
549 3596 669 3660 canonici,
684 3609 743 3659 pars
754 3593 797 3657 IV,
815 3607 870 3657 cap.
888 3607 927 3644 ιιι.
1033 3603 1034 3607 ’
