2588 4272
459 233 533 278 PARS
553 231 732 281 aurianam.
1046 235 1078 283 al

113 366 160 422 cu,
177 346 203 408 si
218 347 258 408 ad
271 347 433 410 universos
446 349 534 410 urbis
551 349 736 431 Episcopus,
752 355 806 414 aut
822 351 933 414 saltem
952 351 1083 432 aliquus

113 445 206 525 partis
221 445 372 507 notabilis
389 447 540 510 Ecclesiae
556 447 742 527 dirigantur.
762 450 837 522 Quae
850 450 981 511 nomina
1001 451 1086 512 velut

113 561 284 624 synonyma
298 561 382 622 saepe
397 550 600 622 usurpantur.

148 643 187 703 ll.
201 641 365 702 Disuiman
376 641 452 703 inter
463 641 568 702 Bullaa
576 647 606 703 et
615 641 726 702 Brevia
738 657 775 702 ex
785 641 965 704 diversitate
972 642 1084 704 format

114 739 299 819 desumitur.

150 841 178 900 l.
203 836 368 898 Diversitus
386 835 480 918 siuilli
495 855 508 898 :
530 838 631 899 Bullae
654 836 781 918 (littera
805 835 946 916 bullata)
968 854 1086 900 nomen

115 952 204 996 suum
222 923 383 1014 accipiunt
396 953 414 996 a
431 936 536 1015 sigillo
550 935 703 1014 plumbeo
717 937 804 1016 quod
817 935 878 998 filis
899 935 1008 998 sericis
1031 953 1087 1014 ap-

114 1032 278 1111 penditnr3
293 1033 404 1093 Brevia
417 1039 523 1094 autem
535 1033 652 1094 hahent
668 1032 808 1112 sigillum
823 1049 905 1094 cerae
918 1031 1033 1106 rubrae,
1053 1031 1086 1092 in

114 1148 175 1210 quo
186 1130 340 1209 impressa
357 1134 404 1191 ast
422 1130 527 1208 imago
550 1131 581 1194 S.
605 1130 688 1192 Petri
710 1131 919 1210 piscationem
940 1129 1084 1210 agentis3

112 1229 194 1290 unde
211 1227 360 1288 dicuntur
372 1227 513 1306 expediri
526 1227 584 1290 sub
596 1228 713 1289 annulo
727 1227 904 1308 piscatoria

149 1330 180 1387 2.
197 1324 361 1387 Diuersitas
376 1323 551 1386 membrana
564 1344 576 1386 .·
591 1327 651 1385 Pro
666 1326 765 1386 Bullis
779 1325 984 1390 subobsuurae
999 1340 1085 1386 uras-

50 1487 52 1492 ,
114 1424 273 1502 siorasque
295 1421 502 1498 membranae,·
531 1439 590 1501 pro
615 1421 767 1484 Brevibus
788 1421 869 1484 albae
890 1429 923 1485 et
954 1421 1086 1484 subtiles

115 1521 316 1582 adhibentur.
384 1573 418 1588 ,.

149 1622 180 1681 3.
195 1615 529 1698 Diuersitassrripturoe
542 1636 554 1678 .·
563 1617 675 1678 Brevia
687 1617 786 1679 latino
801 1616 936 1697 eleganti
960 1616 1089 1678 charau-

113 1723 188 1794 tere‚
204 1719 306 1779 Bullae
325 1721 432 1779 autem
456 1717 639 1780 charactere
660 1713 890 1796 longobardico
913 1715 962 1777 vel
982 1710 1089 1777 teutoss

115 1817 186 1878 nico
206 1815 398 1878 scribuntur.

149 1917 180 1976 l.
195 1897 359 1974 Diuersitas
375 1911 456 1972 tituli
468 1930 480 1973 .·
500 1911 600 1974 Bullae
614 1908 773 1989 incipiunt
791 1929 799 1971 :
822 1909 897 1972 Pius
910 1928 1011 1972 seruus
1027 1903 1089 1970 aer-

115 2032 217 2073 aarum
234 2009 299 2085 Dei,
316 2010 430 2072 nonin
447 2011 548 2072 forma
561 2009 657 2084 tituli,
677 2009 731 2071 sed
756 2026 774 2068 a
792 2009 897 2088 capite
920 2007 1087 2084 versiculi3

115 2111 146 2170 in
157 2109 309 2172 Brevihus
324 2107 508 2171 inscribitur
522 2108 633 2170 titulus
648 2107 723 2168 Pius
738 2125 818 2190 papa
833 2105 889 2168 IX.

151 2212 181 2270 5.
208 2207 376 2268 Diaeraitas
395 2205 610 2287 expeditionis:
629 2207 728 2267 Bullae
748 2206 784 2266 in
803 2206 992 2268 cancellaria
1012 2224 1091 2288 apo-

116 2309 228 2370 stolica
246 2305 474 2386 expediuntur3
499 2305 620 2382 Brevia,
637 2322 694 2384 par
708 2307 902 2382 cardInalem
923 2325 941 2368 a
960 2307 1090 2370 secretis

116 2407 276 2469 Bravium.
801 2485 805 2490 .

154 2507 184 2565 6.
196 2501 362 2564 Diversitru
378 2499 446 2582 finis
459 2517 469 2562 .·
488 2499 601 2563 Brevia
621 2517 680 2578 pru
705 2499 886 2578 leviorihuS‚
911 2503 1012 2564 Bullaa
1031 2519 1090 2582 pro

116 2600 311 2682 gravioribus
326 2597 462 2678 negotiis
476 2597 544 2658 dari
560 2598 674 2660 solent.

344 2811 399 2876 52.
414 2837 443 2850 -
458 2811 508 2864 lus
524 2811 688 2873 canonicum
703 2797 860 2865 nationale.

156 2985 280 3063 Duplex
299 2944 437 3048 ocuurrit
468 2983 613 3063 quaestio,
641 2983 703 3046 alia
726 2984 891 3064 generalis,
926 2981 988 3045 alia
1020 2999 1092 3061 spe-

119 3083 208 3145 cialis
223 3102 230 3144 :

155 3244 184 3295 l·
198 3241 236 3295 lla
246 3238 315 3311 jura
325 3238 466 3296 nationali
479 3240 511 3296 in
525 3255 643 3312 genera.

155 3329 184 3382 2·
195 3326 234 3382 Da
245 3327 313 3394 jure
330 3323 484 3396 gallicano.
