2604 4270
227 231 261 278 24
383 231 539 276 Expostulo
560 230 736 276 uorflonlca
757 229 840 275 touls
863 227 1019 273 cattorum.

228 366 300 428 pars
311 347 427 411 dicitur
437 347 609 420 mortifera,
623 346 683 407 alia
696 344 888 418 canonizata,
900 343 961 404 alia
973 344 1105 404 demum
1118 359 1211 402 mor·
1269 359 1270 378 l

231 451 296 510 tua.
1025 449 1030 458 ’

268 545 344 603 Pars
364 543 527 604 mortifera
536 541 766 619 ,complectitur
782 557 818 600 ea
839 556 910 617 quac
930 555 1004 602 cum
1023 538 1086 599 fide
1107 538 1213 599 chris-

229 641 314 704 tiana
328 639 491 702 concillari
502 643 683 718 nequeunt:
700 654 811 699 eorum
822 635 909 700 nulla
923 641 970 698 est
984 635 1158 697 auotoritas
1175 635 1211 694 in

227 739 297 817 jure
311 738 477 801 canonico.

269 841 344 898 Pars
360 836 543 898 canonizata
555 839 680 897 constat
692 834 839 913 plurimis
858 831 973 894 ritibus
988 837 1020 893 et
1032 831 1209 910 praeceptis

230 937 269 998 ab
285 935 427 998 Ecclesia
449 935 547 995 libere
564 933 723 995 translatis
740 933 774 993 in
792 934 843 1013 jus
866 931 1069 993 canonicum.
1088 928 1212 992 Valent

229 1041 381 1113 tanquam
391 1035 475 1113 leges
488 1032 722 1095 ecclesiasticae.

269 1134 315 1194 Ex
337 1137 426 1210 parte
448 1135 583 1203 mortua,
604 1146 700 1207 quam
719 1127 862 1190 Ecclesia
883 1143 987 1206 neque
1010 1125 1208 1204 reprobavit,

229 1247 331 1308 neque
359 1228 532 1307 adoptavit,
560 1227 684 1288 desumi
713 1229 846 1306 possunt
871 1228 1059 1305 argumenta
1085 1223 1210 1302 quibus

230 1326 329 1388 multa
342 1325 519 1403 disciplina
534 1324 639 1402 capita
657 1323 897 1398 confirmantur,
912 1321 1035 1384 ratione
1049 1320 1210 1398 analogiae

229 1424 393 1502 utriusque
406 1422 599 1484 Testamenti
610 1420 664 1501 (l).

416 1629 441 1675 3.
457 1625 494 1676 De
505 1639 552 1674 usu
559 1624 625 1686 iuris
636 1623 715 1683 civilis
727 1623 753 1674 in
764 1625 822 1686 lure
831 1622 952 1674 cmonico
969 1622 1013 1683 (2).

268 1775 292 1834 1.
314 1773 436 1835 Utilitas
440 1773 523 1854 juris
535 1774 640 1836 ciuilis.
657 1808 697 1818 -
709 1776 788 1836 oum
803 1778 935 1852 utraque
951 1777 1088 1851 potestas
1100 1773 1215 1854 ecclo-

230 1871 355 1932 siastica
365 1877 396 1932 et
410 1871 509 1933 civilis
524 1890 542 1932 a
558 1875 623 1933 Deo
638 1872 783 1934 ordinata
797 1871 837 1934 sit
850 1872 891 1932 ad
899 1870 1057 1950 justitiam
1072 1867 1217 1930 concor-

230 1967 313 2028 diter
322 1969 519 2046 servandam,
530 1968 604 2028 inde
615 1968 758 2045 infertur,
771 1968 948 2047 analogiam
959 1974 991 2030 et
1005 1967 1215 2028 consortium

230 2064 363 2126 existere
378 2065 461 2127 inter
472 2065 754 2146 Jurisprudentiam
765 2068 951 2130 canonicam
962 2072 994 2130 et
1005 2067 1146 2130 civilem.

271 2166 298 2224 l.
316 2161 456 2224 Scientia
469 2162 549 2241 juris
564 2163 664 2225 civilis
685 2165 859 2242 plurimum
872 2165 995 2227 confert
1008 2170 1079 2226 tum
1096 2165 1138 2226 ad
1162 2165 1218 2225 in-

229 2260 358 2338 genium
377 2259 515 2339 juridioe
535 2263 756 2338 excolendum,
782 2268 851 2324 tum
871 2264 911 2324 ad
931 2263 1215 2324 canoncs'melius

230 2358 462 2437 intelligendos,
480 2362 547 2419 tum
562 2360 601 2419 ad
614 2361 699 2438 leges
711 2364 798 2421 recte
811 2359 1027 2439 applicandas.

270 2458 299 2516 2.
323 2455 472 2533 Inprimis
494 2456 640 2518 habenda
665 2462 713 2518 est
734 2457 816 2519 ratio
838 2457 923 2519 Juris
953 2457 1099 2518 Romani.
1127 2457 1215 2518 Cum

231 2553 317 2614 enim
331 2553 471 2615 lloclesia
483 2571 539 2632 per
553 2555 723 2634 imperium
735 2557 915 2617 Romanum
933 2554 1044 2616 diffusa
1063 2553 1215 2632 primum

162 2701 165 2708 .
231 2651 337 2726 fuerit,
348 2651 400 2730 jus
412 2653 602 2714 canonicum
615 2652 750 2714 ct'civile
765 2657 878 2715 mutuo
892 2653 1012 2714 intluxu
1027 2669 1095 2714 sese
1110 2667 1217 2732 pene-

231 2755 365 2812 trarunt.
383 2749 464 2812 Hinc
475 2751 525 2828 jus
539 2767 718 2826 romanum,
742 2749 782 2811 ab
798 2749 1042 2833 imperatoribus
1058 2749 1226 2812 christia-1

231 2849 279 2910 nis
292 2847 425 2920 editum,
439 2846 723 2926 jurisprudentiam
739 2848 925 2911 canonicam
939 2848 1093 2924 imitatur,
1112 2847 1215 2926 eique

231 2947 367 3026 supplet.
388 2945 452 3024 Ipsi
470 2945 594 3008 Summi
615 2946 786 3010 Pontifices
805 2947 886 3010 illud
907 2947 942 3006 in
962 2944 1141 3008 subsidium
1156 2965 1219 3008 vo-

231 3044 369 3126 cant<3).

269 3143 312 3204 ΙΙ.
327 3141 486 3222 Repulaeia
495 3143 638 3224 usojoris
647 3143 741 3206 eivt'lis
752 3142 946 3206 observandae.
961 3143 1082 3202 -Non
1094 3140 1129 3200 in
1141 3157 1218 3202 om-

230 3236 325 3299 nibus
337 3239 439 3300 causis
453 3239 677 3304 ecclesiasticis
687 3241 758 3320 iure
776 3240 861 3304 civili
878 3240 1033 3302 utendum
1047 3244 1109 3300 est.
1127 3240 1218 3300 Prae-

262 3403 297 3464 (lt
311 3405 337 3456 s.
353 3404 463 3466 Thomu,
477 3407 590 3469 Summo,
602 3407 700 3469 parsll,
715 3415 774 3459 sect.
790 3410 812 3469 1,
827 3413 918 3470 quast.
935 3407 978 3457 99.

265 3486 297 3546 (2)
311 3482 404 3545 Soina,
418 3485 590 3536 lasta'tutioaes
600 3487 671 3557 juris
689 3487 790 3552 publici
801 3487 973 3548 ecclesiastici,
986 3499 1045 3548 pars
1060 3482 1081 3549 l,
1096 3501 1155 3550 cap.
1181 3503 1215 3543 rr.

264 3567 299 3627 (³)
313 3563 422 3627 Epistola
431 3565 459 3616 S.
474 3565 585 3627 Gregorii
597 3568 679 3629 Magni
691 3569 723 3618 ad
736 3569 856 3619 loannem
869 3569 1037 3620 barcusorum.
