2626 4258
437 337 509 387 PARS
530 344 694 394 SPEGIALIS.
1000 339 1053 391 381

71 460 181 522 tiones
193 458 324 538 capituli
340 475 413 537 erga
430 459 636 540 Episcopum,
653 463 723 524 aliae
739 461 949 542 obligationes
962 478 1056 524 cano·
1091 498 1095 502 -

72 560 226 622 nieorum
244 575 318 637 erga
331 559 519 620 Ecclesiam.

115 661 141 720 l.
161 657 354 740 obligationes
365 677 435 739 erpa
449 657 641 740 Episcopum,
656 677 771 741 nempe
784 659 875 722 iocor
887 663 918 722 et
929 657 1056 721 obedieu-

74 757 134 820 tic.

115 857 145 916 l.
165 855 345 934 Capitulum
355 853 514 933 Episcopo
525 855 654 917 exhibet
665 857 821 918 honorem
834 856 938 936 primo
950 856 1053 934 quoad

73 953 170 1014 locum
181 971 193 1013 .·
214 974 227 1010 a
240 951 406 1031 Episcopis
419 951 534 1032 ubique
549 954 574 1014 is
587 955 689 1016 honor
701 955 859 1017 tribuatur
875 953 928 1034 qui
945 971 1055 1016 eorum

73 1051 223 1130 dignitati
240 1067 295 1130 par
314 1055 371 1124 est,
387 1051 496 1129 eisque
510 1051 543 1112 in
557 1051 654 1114 choro
669 1053 743 1114 etin
762 1053 913 1133 capitulo,
934 1051 967 1112 in
981 1070 1056 1131 pro·

73 1146 272 1208 cessionibus
292 1151 324 1207 et
339 1146 408 1207 aliis
427 1146 550 1209 actibus
571 1148 721 1228 publicis,
743 1149 784 1210 sit
805 1150 908 1228 prima
920 1149 1011 1210 sedes
1026 1152 1057 1210 et

72 1246 166 1308 locus
182 1261 278 1324 quem
298 1243 359 1323 ipsi
381 1235 547 1324 elegerint,
565 1253 597 1308 et
611 1247 774 1327 praecipua
793 1247 936 1310 omnium
950 1262 1057 1308 rerum

73 1343 271 1424 agendarum
285 1343 456 1404 auctoritas
470 1345 523 1423 (t).
544 1365 560 1402 n

116 1443 278 1514 Secundo,
291 1443 394 1521 quoad
406 1442 623 1504 assistentiam:
638 1444 812 1506 ‹etlanonici
825 1444 1057 1524 compellantur

73 1541 236 1620 Episcopo
248 1539 423 1602 celebranti
438 1545 493 1604 aut
507 1542 568 1603 alia
582 1543 781 1605 Pontificalia
791 1542 951 1605 exercenti
965 1541 1057 1604 assis·
1124 1543 1126 1548 ’

73 1645 143 1702 tere
160 1644 191 1711 et
207 1637 359 1702 inservire
372 1639 426 1720 (2).
443 1664 457 1700 n
793 1641 795 1646 '
830 1719 835 1732 .

115 1735 237 1814 Tertio,
263 1739 369 1818 quoad
393 1738 642 1824 associationem:
671 1761 685 1797 u
699 1742 778 1802 (lum
795 1739 983 1820 Episcopus,
1009 1739 1055 1802 rei

75 1835 193 1898 divinas
219 1838 409 1916 peragendas
433 1856 537 1914 causa,
553 1839 592 1899 ad
618 1839 794 1900 Ecclesiam
822 1841 971 1900 venturus
995 1842 1053 1914 est,

75 1937 198 1998 debent
211 1936 355 1998 canonici
371 1954 444 1998 eum
456 1937 604 2006 comitari
617 1937 671 2018 (3).
688 1960 702 1998 n

117 2035 247 2111 Quarto,
273 2035 377 2114 quoad
400 2042 571 2096 ornamenta
587 2053 599 2096 .·
614 2053 687 2098 cum
703 2034 881 2114 Episcopus
895 2034 961 2097 vult
975 2051 1058 2114 pon-

74 2132 207 2196 tificalia
233 2149 395 2210 exercere,
424 2151 442 2192 a
468 2133 608 2212 capitulo
634 2133 903 2196 subministranda
931 2138 1003 2194 sunt
1030 2130 1058 2194 ei

76 2235 263 2312 paramenta
280 2248 297 2292 e
316 2231 458 2293 sacristia
481 2231 667 2294 cathedrali.
688 2231 839 2295 Vicissim
853 2230 991 2312 plurima
1008 2247 1060 2293 or-

76 2337 227 2394 namenta
241 2328 392 2410 Episcopi
415 2329 580 2392 morientis
598 2331 637 2390 ad
653 2329 828 2409 capitulum
847 2329 1009 2409 pertinent
1022 2346 1060 2391 ex

77 2429 290 2509 dispositione
305 2445 401 2508 quam
412 2428 487 2488 Pius
499 2429 540 2489 IX
554 2429 752 2490 confirmavit
764 2429 817 2508 (l).

112 2532 147 2590 ἱ).
167 2527 347 2606 Capitulum
364 2525 524 2606 Episcopo
546 2532 676 2606 praestat
693 2525 921 2588 obedientiam.
945 2523 1061 2606 Reputo

76 2623 244 2708 pancratis:
262 2624 440 2704 Episcopus
460 2629 564 2702 potest
588 2625 728 2702 capitulo
750 2624 937 2704 praecipere,
962 2623 1059 2685 modo

79 2731 191 2787 tamen
205 2741 241 2784 ea
257 2727 381 2784 tantum
403 2721 581 2802 praecipiat,
605 2723 644 2782 ad
660 2740 731 2800 quae
747 2723 925 2800 praestanda
939 2719 1060 2800 dejure

78 2827 229 2886 tenentur
241 2820 401 2884 canonici.
421 2819 513 2881 Ratio
529 2825 575 2882 est
589 2819 662 2898 quia
677 2820 853 2899 Episcopus
864 2817 1060 2900 jurisdictio·

78 2933 154 2980 nem
170 2913 266 2977 habet
280 2933 346 2976 non
368 2919 493 2975 tantum
516 2913 549 2973 in
565 2913 704 2994 singulos
727 2914 934 2990 dioecesanos,
953 2912 1007 2973 sed
1026 2911 1060 2970 in

79 3015 185 3094 ipsum
207 3011 480 3092 capitulum;im0
495 3015 601 3091 potest
622 3011 799 3092 Episcopus
818 3011 896 3073 illud
914 3009 1058 3090 judicare

79 3115 203 3176 ratione
213 3113 262 3175 vel
277 3117 375 3175 status
390 3111 559 3187 clericalis,
575 3113 624 3173 vel
637 3111 734 3174 officii
748 3113 796 3174 rel
809 3109 965 3174 beneficii.

116 3213 211 3275 Ratio
225 3209 424 3273 limitationis
438 3215 496 3286 est,
512 3210 585 3290 quia
597 3210 780 3290 jurisdictio
795 3210 1027 3289 Episcoporum
1043 3226 1061 3270 a

81 3315 116 3376 R.
136 3312 293 3375 Pontifice
311 3311 430 3390 pendet
442 3309 475 3370 in
488 3309 699 3390 assignatione
717 3308 858 3370 materiae
874 3313 906 3370 et
918 3307 1062 3370 subdito-

112 3482 145 3546 11)
160 3476 299 3534 Concilium
311 3477 494 3540 Tridentium,
507 3493 568 3530 sess.
588 3477 665 3538 XXV,
679 3491 733 3541 cap.
745 3489 780 3527 vr.

111 3561 149 3628 (2)
165 3559 305 3612 Concilium
318 3557 501 3619 Tridentinum,
512 3573 571 3608 sesa.
583 3557 671 3620 XXIV,
686 3570 740 3618 cap.
754 3565 801 3605 xrr.

112 3643 146 3706 (31
163 3639 343 3693 Caeremoaicle
357 3640 549 3704 Episcoporum,
565 3639 611 3688 lib.
630 3641 651 3700 1,
666 3652 721 3700 cap.
735 3651 778 3688 xv.
881 3699 885 3706 Ι

112 3725 144 3787 (l)
164 3723 200 3774 Pii
212 3723 248 3772 lx
258 3720 348 3770 litterae
363 3721 501 3782 apostolica
514 3722 577 3773 cum
589 3718 657 3770 titud
667 3717 787 3784 plurimi,
801 3718 824 3767 1·
832 3715 843 3777 1
848 3729 889 3766 au.
909 3717 989 3771 itit:
