2620 4258
463 191 544 254 'rsus
567 209 730 258 sensiatis.
1035 210 1086 257 ast

149 327 188 388 ll.
204 325 327 387 Ratione
339 317 539 406 coemptiones,
554 329 619 388 tres
634 327 856 407 distinguimus
871 327 1000 388 illorum
1018 345 1089 408 spe-

110 439 184 484 eies.
644 433 646 440 ’

151 525 179 580 l.
196 519 340 580 Primum
356 536 454 596 genus
470 523 518 580 est
533 535 656 595 eorum,
682 520 736 599 qui
756 525 844 582 certo
858 521 965 600 generi
980 537 1090 601 parso-

109 633 221 678 narum
249 617 332 678 intra
365 621 455 696 septa
486 616 620 696 alicujus
650 619 801 680 Ecclesiae
830 621 879 680 vel
907 620 1089 681 monasterii

108 716 336 796 praeficinntur.
353 717 519 796 Ejusmodi
542 721 615 778 sunt
633 717 771 780 Abbates
790 719 951 796 regulares
967 721 1015 780 vel
1034 737 1091 782 sae-

109 814 232 874 culares
254 816 397 874 Romano
416 813 564 875 Pontifici
582 814 768 876 immediate
783 815 931 890 obnoxii3
952 832 1020 878 eam
1038 817 1090 896 ju-

109 911 331 982 risdictionem,
347 911 381 971 in
400 911 523 974 clerum
542 911 606 974 sive
625 913 804 992 regularem
823 913 888 974 sive
907 915 1090 976 saeoularem

109 1013 268 1084 exercent,
292 1025 389 1088 quam
404 1027 422 1070 a
439 1009 557 1090 regulis
576 997 703 1072 Ordinis
721 1015 775 1072 aut
792 1011 978 1089 apostolicis
993 1012 1092 1089 privi-

109 1105 201 1184 legiis
219 1107 383 1168 consecuti
399 1111 482 1168 sunt.

150 1205 179 1264 2.
196 1204 336 1266 Medium
350 1221 449 1283 genus
472 1221 582 1266 eorum
602 1211 661 1280 est,
686 1205 741 1285 qni
756 1206 906 1282 dicuntur
920 1204 1049 1266 Proeloti
1061 1204 1090 1264 in

110 1300 232 1376 diecesi,
248 1308 402 1380 quatenus
414 1302 638 1382 jurisdictione
649 1303 752 1365 activa
765 1303 940 1381 praesident
953 1303 1039 1363 clero
1058 1307 1092 1363 et

109 1401 230 1477 populo
249 1400 382 1479 alicujus
395 1401 471 1462 loci.
492 1403 611 1463 Verum
630 1401 688 1462 iste
703 1403 792 1463 locus
812 1401 845 1461 in
864 1399 995 1462 dioecesi
1012 1401 1090 1461 alte·
1164 1387 1181 1421 ⁵

108 1496 176 1557 rius
197 1497 348 1576 Episcopi
367 1497 563 1572 continetnr3
587 1483 757 1576 propterea
779 1498 977 1560 territorium
997 1496 1035 1557 ab
1057 1513 1093 1557 ea

108 1597 295 1672 separatum
309 1612 374 1654 non
389 1593 520 1654 hahent.

152 1692 182 1750 3.
201 1689 440 1751 Nobilissimum
455 1708 552 1770 genus
570 1706 682 1751 eorum
703 1673 760 1764 est,
777 1692 832 1769 qui
845 1689 955 1750 nullius
967 1689 1094 1769 (dimoc-

110 1785 166 1864 sis)
187 1786 338 1847 dicuntur
355 1807 361 1847 :
377 1787 496 1849 habent
519 1787 604 1848 enim
619 1791 796 1866 separatam
816 1787 904 1866 quasi
928 1787 1091 1848 dimoesim

112 1881 201 1960 cujus
217 1886 290 1942 sunt
302 1883 471 1943 Ordinarii.

446 2063 470 2111 t.
490 2062 581 2110 Eorum
593 2067 703 2123 potestus
714 2063 759 2123 (1).

152 2218 175 2304 l.
191 2215 332 2276 Praelatis
351 2215 559 2292 Regularibus
579 2217 735 2294 competit
750 2218 867 2295 duplex
881 2223 1033 2296 potestas,
1049 2219 1095 2278 al-

115 2319 180 2374 tera
192 2312 397 2386 dominativa,
418 2313 517 2373 altera
528 2312 774 2392 jurisdictionis.

153 2412 293 2472 Potestas
316 2409 520 2484 dominatus,
544 2409 672 2488 qualem
694 2407 792 2472 hahet
812 2413 902 2488 pater
922 2411 956 2470 in
978 2411 1092 2479 filium,

116 2509 263 2570 dominns
274 2509 307 2568 in
322 2524 458 2572 servum,
476 2511 524 2568 est
535 2499 587 2586 jus
600 2507 781 2586 imperandi
795 2505 931 2568 subditis
946 2507 1096 2585 regulari-

117 2605 172 2667 bus
190 2625 225 2667 ea
242 2624 314 2684 quae
332 2609 405 2666 sunt
425 2605 603 2666 conformia
622 2605 740 2683 regulis
758 2605 897 2665 Instituti
919 2604 1004 2681 quod
1020 2621 1108 2682 pro-¹

118 2705 257 2766 litentur.
272 2703 379 2765 Oritur
393 2702 580 2764 radicaliter
592 2719 630 2763 cx
644 2706 717 2762 voto
733 2701 934 2763 obedientiae.

156 2805 297 2864 Potestas
304 2799 533 2880 jurisdictionis
547 2799 586 2861 ab
602 2799 744 2861 Ecclesia
759 2799 932 2860 confertur.
947 2800 975 2859 A
988 2802 1096 2876 potes·

118 2903 178 2962 tate
199 2899 394 2961 dominativa
415 2899 531 2973 differt,
554 2884 711 2978 quatenus
733 2902 781 2958 est
797 2895 970 2976 spiritualis
991 2902 1022 2956 et
1039 2912 1098 2974 pn-

119 2996 208 3060 blica.
616 2986 622 3000 '

156 3095 194 3156 ll.
226 3093 403 3158 Abbatibus
437 3092 592 3172 exemptis
618 3091 775 3172 competit
797 3090 979 3170 jurisdictio
1008 3088 1097 3168 quasi
1192 3092 1195 3098 ’

123 3191 319 3271 episcopalis,
336 3191 496 3269 siquidem
514 3191 711 3252 constituunt
728 3189 891 3269 propriam
909 3187 997 3266 quasi
1017 3185 1097 3247 dioe-

124 3290 218 3350 cesim
230 3296 262 3352 et
275 3288 449 3352 ordinariis
461 3293 718 3350 annumerantur.
732 3289 880 3349 Attamen
891 3302 957 3346 non
966 3287 1099 3363 possunt

154 3469 188 3530 (t)
207 3469 330 3532 Catalaui,
348 3467 491 3534 pontificale
503 3469 641 3516 itomanam
660 3466 845 3516 commentariis
861 3464 1028 3524 illustratum,
1043 3471 1065 3512 t.
1077 3433 1099 3521 l,

125 3549 165 3597 tit.
180 3563 219 3598 tn.

931 3641 975 3688 ts.
