2588 4272
276 220 326 268 ros
355 281 358 288 Ι
436 220 592 268 axoosrno
613 200 790 266 narnoorea
810 222 893 270 runs
915 223 1071 272 cnuomcr·
1147 217 1150 224 '

616 469 621 474 -
661 427 790 490 CAPUT
808 427 849 492 lv

569 589 675 638 Balnea
690 583 882 641 Becnetalco
895 589 942 654 (1).

309 744 429 806 Praeter
456 743 606 824 genuinas
633 745 784 808 Ecclesiae
809 747 906 826 leges,
934 748 1012 808 falsa
1039 753 1240 810 monumenta

269 839 584 904 circumferebantur.
613 843 764 914 Quaedam
784 844 818 904 in
833 845 1084 924 disputationum
1108 851 1190 908 aestu
1205 848 1239 908 ad

268 939 431 1020 propriam
444 941 631 1004 sententiam
650 943 893 1019 defendendam,
910 948 963 1006 aut
977 944 1170 1007 incusandos
1189 947 1241 1006 ad-

268 1037 420 1100 versarios
436 1041 590 1114 conficta3
616 1041 705 1118 plura
721 1059 758 1104 ex
779 1041 948 1121 disciplina
964 1035 1040 1105 tunc
1054 1042 1173 1120 vigenti
1191 1045 1241 1105 de·

268 1143 404 1216 sumpta,
429 1143 460 1200 et
482 1138 696 1216 superioribus
713 1135 918 1218 'temporibus
941 1146 995 1202 aut
1022 1142 1168 1220 personis
1192 1143 1241 1202 ad-

267 1236 1238 1316 scripta;aliadeniqueexcopotissirnurnortaessevidentnr‚

194 1351 195 1354 ¹
267 1335 350 1412 quod
365 1335 405 1394 ad
424 1335 529 1412 legum
544 1335 680 1395 formam
697 1330 917 1414 redigerentur
928 1337 1063 1412 notitiae,
1088 1355 1167 1416 quas
1181 1339 1242 1398 his·

265 1433 364 1494 toriae.
381 1433 551 1511 scriptores
573 1434 612 1494 de
638 1433 773 1512 antiquis
793 1439 824 1494 ct
842 1435 1016 1514 deperditis
1031 1435 1155 1514 legibus
1171 1452 1242 1496 con-

42 1577 44 1581 Α
152 1593 153 1597 ,
266 1537 438 1592 servarunt.
463 1531 587 1594 Sensim
602 1532 669 1593 sine
692 1549 786 1594 sensu
808 1533 945 1612 plurima
958 1541 1110 1614 tanquam
1125 1533 1240 1596 verain

265 1646 422 1692 canonum
436 1630 677 1692 collectionibus
691 1635 820 1710 recepta
834 1638 916 1694 sunt.

299 1764 364 1818 Ans.
377 1763 398 1818 l.
412 1763 534 1820 Historia
547 1764 722 1820 collectionis
735 1763 969 1836 pseudo-Isidori.

299 1853 365 1908 Aur.
378 1851 411 1907 ll.
422 1852 575 1909 lalsarnm
588 1853 783 1910 Decretalium
796 1855 960 1912 auctoritas.
987 1892 990 1900 -
1023 1857 1025 1860 '

583 2059 587 2070 '
626 2049 845 2106 ARTICULUS
864 2051 878 2104 1

504 2212 663 2278 tsmontdnn
679 2215 864 2256 COLLECTIONIS
878 2213 1011 2256 HISTORIA·

301 2349 317 2414 5
333 2351 358 2404 1.
371 2343 438 2404 Feta
450 2346 538 2418 hujus
552 2349 629 2406 libri.

284 2440 314 2502 -ς
327 2440 353 2492 2.
368 2436 448 2492 lllins
460 2437 553 2510 origo.

555 2616 571 2680 ἓ
585 2615 652 2666 1.-
664 2611 731 2668 Fata
740 2613 822 2682 hujus
836 2617 941 2684 operis.

229 2743 232 2760 ’
299 2770 323 2833 Ι.
346 2771 421 2832 llaeo
439 2771 516 2832 falsa
525 2772 686 2848 collectio,
707 2791 777 2850 quae
791 2773 902 2834 Isidori
914 2770 1089 2832 Mercatore
1102 2773 1152 2834 vel
1164 2772 1241 2834 Pec-

260 2868 366 2928 catores
380 2869 471 2948 vulgo
485 2869 611 2955 dicitur,
626 2870 711 2932 circa
729 2870 872 2942 medinm
885 2871 1038 2932 sacculum
1052 2887 1082 2932 lx
1103 2869 1237 2950 prodiit.

260 2969 422 3052 Praeoipue
443 2970 578 3029 conflata
594 2974 640 3030 est
657 2986 693 3030 ex
710 2968 875 3050 hispanica
891 2968 1082 3030 collectione
1106 2986 1177 3046 qna
1196 2967 1235 3030 S.

259 3067 380 3129 Isidoro
392 3065 570 3144 Hispalensi
584 3055 679 3128 tribui
697 3069 787 3130 solet.
802 3068 914 3128 Tribus
935 3065 1078 3145 partibus
1093 3070 1235 3128 constat.

259 3167 366 3226 Prima
391 3164 533 3227 continet
550 3167 637 3226 fictas
661 3169 699 3228 50
723 3167 896 3228 decretales
912 3165 1105 3228 Pontificum
1128 3183 1146 3226 a
1169 3166 1240 3227 Gle-

259 3267 385 3327 mentel
399 3265 547 3343 usquead
558 3265 779 3326 Melchiadem.
796 3266 831 3325 In
844 3265 983 3325 secunda
997 3269 1087 3343 parte
1097 3281 1241 3342 sequun-

257 3367 310 3423 tur
335 3380 470 3424 canones
502 3363 709 3425 conciliorum
735 3381 772 3427 ex
789 3362 953 3442 hispanica
969 3361 1159 3440 collectione
1180 3379 1239 3424 ex-

290 3507 323 3574 (t)
338 3507 464 3568 Ballerini‚
476 3507 511 3557 De
522 3509 635 3572 antiquis
644 3507 873 3559 collectionibua.-
883 3505 1029 3570 baccharis,
1042 3505 1239 3570 dotisebrooics,

259 3597 280 3639 t.
294 3588 314 3648 l,
327 3587 424 3641 dissert.
438 3586 484 3638 lll.
