2626 4258
194 245 247 302 tl!
358 253 517 301 exaustum
538 251 716 298 unhuomta
736 250 820 296 tuuis
842 249 997 295 uhuorum.

191 372 342 437 Ecclesiae
367 371 634 433 administrationi
666 370 831 431 consulere
856 383 985 430 necesse
1017 367 1067 443 sit,
1089 367 1174 428 illud

191 491 256 534 non
267 471 443 542 omisimus,
462 475 497 530 ut
509 470 608 532 iidem
623 468 773 548 Episcopi
790 484 890 528 unum
907 466 1044 528 habeant
1065 465 1100 526 in
1122 482 1177 526 ca-

191 569 329 631 thedrali
343 567 477 630 ecclesia
489 567 662 644 capitulum
679 564 730 644 (1).
747 585 761 623 u
778 611 782 630 ,

95 746 97 749 .
231 671 261 728 1.
286 665 359 726 Pius
378 667 419 726 IX
441 665 475 724 in
502 665 698 726 concordate
720 663 806 740 quod
829 662 901 724 iniit
920 679 995 724 cum
1020 663 1176 743 Hispania

193 764 295 847 (l85l)
320 783 328 824 :
360 785 375 820 11
389 762 588 840 cathedralia
608 761 748 840 capitula
768 760 1001 839 Episcoporum
1026 767 1174 824 senatum

193 863 426 941 consiliumque
442 861 651 922 constituunt.
666 882 680 918 u

232 966 261 1024 1.
293 959 503 1040 Congregatio
533 958 667 1020 concilii
693 957 795 1019 dicit:
820 977 833 1014 11
852 957 1003 1019 llcclesiae
1029 962 1174 1020 mentem

194 1067 309 1124 esseut
328 1061 506 1140 Episcopus
523 1056 658 1119 consilio
681 1055 812 1134 capituli
836 1060 952 1132 utatur,
981 1061 1013 1118 et
1033 1057 1176 1138 capitula

195 1178 262 1223 esse
277 1158 475 1223 consiliarios
486 1160 576 1217 natos
586 1155 817 1234 Episcoporum
831 1152 884 1232 (1).
901 1176 916 1214 o

345 1346 376 1396 11.
393 1371 424 1384 -
439 1343 536 1396 Erectio
551 1341 656 1406 capituli
667 1341 802 1392 cucullatio
815 1341 1017 1392 canonicatuum.

529 1475 552 1524 1.
568 1471 666 1522 Erectio
676 1471 852 1534 capitulorum.

66 1641 67 1644 ¹
162 1672 164 1676 ,
235 1620 303 1679 Duo
322 1619 564 1696 expenduntur:
592 1619 623 1677 1ο
647 1619 789 1678 Potestas
811 1614 953 1696 erigendi
977 1614 1173 1695 capitulum

196 1719 228 1780 2⁰
242 1716 362 1778 creatio
376 1716 568 1796 dignitatum
583 1719 614 1776 et
628 1714 886 1777 canonicatuum.

486 1902 599 1950 Potestas
609 1900 720 1961 erigendi
734 1900 881 1964 capitulum.

235 2057 261 2116 l.
288 2055 344 2116 lus
378 2054 520 2134 erigendi
558 2057 733 2134 capitulum
771 2057 953 2120 cathedrale
980 2060 1103 2136 spectat
1135 2057 1177 2118 311

196 2157 234 2215 11.
250 2153 450 2213 Pontificem.
471 2153 562 2214 Ratio
577 2159 634 2228 est,
648 2155 721 2232 quia
734 2155 767 2214 id
783 2157 985 2218 connectitur
1001 2171 1074 2216 cum
1090 2171 1177 2216 crea-

198 2251 287 2312 tione
311 2251 499 2312 cathedralis
514 2252 668 2313 ecclesiae.
692 2253 789 2331 Atqui
809 2255 844 2314 R.
864 2253 1010 2316 Pontifici
1034 2253 1178 2314 vindica·

202 2357 271 2412 tum
285 2353 332 2410 est
350 2349 400 2427 jus
422 2349 563 2428 erigendi
587 2367 684 2411 novos
699 2351 910 2429 episcopatus.
927 2353 1010 2430 Ergo
1026 2357 1057 2412 31
1071 2353 1178 2412 eidem

201 2447 355 2526 competit
369 2447 487 2508 erectio
502 2449 714 2526 capitulorum
726 2449 967 2510 cathedralium.

235 2547 274 2606 ll.
294 2546 490 2606 Facultatem
511 2546 652 2624 erigendi
674 2547 842 2625 collegiata
866 2548 1003 2625 capitula
1016 2547 1177 2626 pertinere

196 2644 235 2703 ad
254 2645 289 2702 11.
320 2641 519 2716 Pontificem,
542 2644 631 2703 nullo
644 2644 774 2721 quidem
794 2649 882 2705 textu
901 2643 980 2722 juris
1004 2643 1175 2718 definitur;

196 2741 252 2802 sed
276 2744 403 2800 constat
425 2757 463 2800 cx
477 2740 565 2817 praxi
580 2741 742 2803 Ecclesia.
773 2741 961 2820 Favet'ipsa
984 2741 1075 2815 ratio,
1102 2759 1178 2802 nam

197 2837 317 2899 3130110
338 2837 463 2918 collegii
491 2844 539 2900 331
562 2857 655 2900 331133
676 2840 793 2921 gravis3
817 2858 920 2902 causae
944 2857 1017 2902 vero
1039 2839 1178 2918 majores

197 2935 235 2997 R.
251 2935 397 3012 Pontifici
409 2941 618 2998 reservantur.

419 3119 518 3170 Creatio
533 3121 685 3183 dignitatum
699 3129 725 3176 et
741 3125 943 3176 canonlcatuum.

237 3277 395 3350 Quaeritur
412 3293 462 3354 an,
477 3283 584 3340 erecto
602 3281 752 3360 capitulo,
772 3282 949 3364 Episcopus
967 3279 1068 3362 possit
1082 3294 1177 3340 novas

195 3377 366 3456 dignitates
382 3391 545 3453 novosque
564 3379 769 3441 canonicatus
789 3380 922 3460 erigere.

228 3525 264 3585 (ll
275 3519 425 3570 consulario
443 3520 554 3574 Ecclesia
567 3524 671 3574 Cdra'sti.

229 3604 263 3662 (2)
278 3600 421 3648 Thesaurus
433 3602 612 3652 resolutionum
624 3607 825 3668 congregationis
839 3608 946 3671 concilii,
956 3619 1019 3656 anuo
1030 3607 1098 3656 ltlt.
