2630 4250
387 271 391 277 .
460 237 534 281 rans
555 235 719 282 eruemus.
872 215 875 220 “
1034 235 1085 285 act

105 371 172 430 quo
184 351 311 432 dignius
325 359 357 414 et
371 352 482 432 majori
497 369 571 414 cum
585 354 786 415 veneratione
813 351 953 414 exerc-cri
965 362 1084 432 posset.
1144 369 1150 388 ¹

105 457 142 512 ut
157 451 190 511 in
204 450 600 513 Ecclesiaeordinatissima
611 451 819 530 dispositione
826 451 930 531 ptores
941 449 1092 515 ctdioersa'

105 555 213 611 essent
230 549 449 611 ministrorum
472 548 608 624 ordines,
633 551 687 628 qui
714 548 892 610 sacerdotio
914 566 952 610 ex
980 551 1086 613 officio

105 647 314 718 deservirent,
325 647 551 722 itadistrihuti,
561 653 606 718 ut,
615 648 669 726 qui
673 649 740 727 jam
749 647 1087 708 clericaliTonsurain-

104 745 212 825 signiti
222 739 337 820 essent,
347 763 405 824 per
419 745 559 806 minores
573 747 613 806 ad
629 747 765 824 majores
778 746 986 806 ascenderent
995 745 1048 824 (t).
1066 768 1081 804 u

138 882 205 934 Aur.
219 881 240 934 Ι.
279 877 389 948 Duplex
397 876 591 932 sacerdotium
601 895 608 931 :
620 878 802 950 Episcopatus
812 881 842 934 et
850 875 1079 950 presbyteratus.

140 971 207 1024 Aac.
219 967 255 1022 ΙΙ.
279 965 400 1022 Ministri
410 967 534 1034 majores
546 969 576 1041 et
587 966 729 1024 minores.

139 1061 207 1116 Aur.
221 1055 375 1113 ELPrima
385 1057 516 1111 tonsura.

469 1241 689 1297 ARTICULUS
707 1243 722 1295 1

406 1399 509 1440 nunnus
527 1399 710 1440 sacumoriuu
726 1385 778 1453 (2).

141 1547 265 1626 Duplex
280 1545 485 1626 distinguitur
500 1544 726 1620 sacerdotium,
741 1491 862 1624 nempe
886 1543 1084 1626 Episcopatus

105 1651 135 1707 et
140 1645 379 1727 presbyteratus.
849 1706 852 1715 ,

139 1746 163 1806 Ι.
176 1743 343 1804 discrimen
356 1743 433 1803 iuter
444 1741 656 1824 Epascoputum
665 1747 694 1800 et
703 1739 951 1822 presbyteratum,
958 1741 1082 1802 ratione

104 1842 234 1916 ordinis,
252 1841 354 1901 oritur
370 1841 549 1920 prasertim
565 1845 754 1918 apotastate
766 1840 966 1901 ministrandi
979 1857 1083 1901 sacra·
1142 1914 1144 1918 Α

103 1945 219 2001 menta.
237 1939 364 2000 Etenim
381 1939 589 2019 Episcopatus
607 1942 655 1998 est
669 1938 749 1999 ordo
763 1955 929 2017 supremus
944 1955 1007 2017 quo
1027 1938 1082 2000 da-

102 2043 151 2098 tur
168 2036 355 2116 presbytero
374 2041 512 2114 potestas
534 2035 715 2111 ordinandi,
733 2035 954 2107 confirmandi,
972 2036 1083 2098 Eccle-

103 2136 242 2210 siamque
256 2133 315 2194 sibi
338 2135 542 2195 commissam
563 2132 705 2210 regendi.
736 2133 877 2194 Christus
904 2134 1079 2213 episcopali

103 2232 275 2295 characteri
290 2233 428 2310 alligavit
445 2239 635 2312 potestatem
653 2232 822 2294 ordinandi
845 2231 1021 2311 Episcopos
1049 2239 1081 2293 et

102 2329 295 2404 sacerdotes,
319 2345 380 2390 nec
393 2347 457 2390 non
467 2335 658 2408 potestatem
682 2329 875 2390 ordinariam
896 2329 1081 2391 conferendi

101 2426 388 2488 confirmationem.
417 2429 538 2488 Horum
573 2431 845 2488 sacramentorum
876 2425 1003 2487 collatio
1034 2426 1080 2486 ita

100 2523 247 2603 Episcopi
271 2528 318 2585 est
332 2525 461 2602 propria
478 2542 516 2586 ax
531 2525 602 2604 jure
627 2524 746 2598 divino,
771 2526 806 2585 ut
821 2523 1035 2584 sacerdotium
1060 2542 1078 2584 a

95 2621 291 2704 presbyteris
307 2638 481 2699 nunquam,
506 2619 707 2684 confirmatio
719 2637 793 2682 vero
812 2621 938 2680 nonnisi
954 2637 1027 2682 cum
1041 2619 1077 2681 li-

100 2721 201 2782 centia
217 2719 341 2781 Summi
359 2719 523 2781 Pontificio
537 2720 673 2782 conferri
689 2717 820 2796 possint..

135 2817 315 2900 Concilium
339 2816 563 2878 Tridentinum
586 2816 753 2878 definivit:
781 2815 845 2877 eSi
867 2815 937 2893 quis
962 2813 1078 2877 dixerit

98 2915 273 2994 Episcopus
287 2933 352 2976 non
367 2931 435 2976 esse
448 2913 643 2996 Presbyteris
662 2915 852 2994 superiores,
865 2913 914 2974 vel
935 2929 1000 2973 non
1021 2912 1077 2972 ha-

97 3011 168 3075 here
195 3018 387 3095 potestatem
418 3013 629 3074 confirmandi
656 3019 687 3076 et
713 3011 901 3086 ordinandi,
930 3011 979 3072 vel
1004 3015 1074 3072 eum

99 3129 189 3190 quam
204 3108 324 3171 habent
336 3127 404 3172 esse
419 3128 493 3173 cum
506 3111 702 3222 Prephyteris
713 3125 931 3183 communem,
946 3109 1074 3171 anathe-

99 3225 143 3270 ma
158 3209 200 3269 sit
212 3205 265 3286 (2).
285 3227 299 3262 o

124 3358 156 3423 (1)
169 3355 310 3406 Concilium
322 3356 504 3417 Tridentinum,
516 3371 576 3407 sess.
592 3357 750 3418 XXELcap.
764 3371 794 3406 u.

124 3437 160 3502 (2)
172 3437 331 3498 Thomassiu,
345 3435 418 3486 Vetus
428 3437 454 3486 et
472 3437 544 3487 Noua
557 3435 673 3488 Ecclesia
695 3437 847 3502 Disciplina,
864 3443 926 3490 tom.
946 3436 972 3500 1,
983 3438 1029 3500 lib.
1049 3438 1070 3500 1,

96 3529 310 3658 αἱὃιέοιιυὶῐίιιιιι
322 3595 507 3659 Tridentinum,
519 3611 581 3649 sess.
595 3595 686 3658 Exiit,
697 3609 756 3648 ean.
770 3609 815 3648 ru.
