2604 4270
462 227 687 272 PRAENOTIONES.
1025 229 1055 276 11

73 344 127 404 Jos
148 353 302 405 aeternum
313 345 391 406 illud
407 350 454 406 est
469 363 531 423 quo
548 349 647 406 status
660 346 810 407 Roclesiae
826 347 1057 410 determinatur

7 433 8 438 ’
75 447 223 520 respectu
244 446 432 502 caeterarum
455 441 654 518 societatum,
671 442 704 502 id
723 448 780 518 est,
801 462 864 522 quo
887 445 1056 506 relationes

75 540 227 601 Ecclesiae
247 545 278 600 et
298 539 457 600 societatis
481 540 579 602 civilis
600 541 798 618 regulantur3
822 544 906 604 unde
929 549 1057 606 externa

74 637 226 700 Ecclesiae
245 636 366 717 positio
384 638 534 699 nascitur.

114 736 225 815 Igitur,
245 735 296 814 jus
311 735 487 814 publicum,
507 735 663 814 objective
681 737 730 798 vel
746 737 918 815 subjective
932 745 1057 818 specta-

75 839 156 909 tum,
170 833 294 894 ratione
310 833 440 911 quidem
453 833 645 895 discernitur
658 852 676 895 a
684 835 755 912 jure
767 835 907 914 privato;
923 837 1056 898 minime

76 949 149 993 vero
159 930 345 992 abinvicem
355 931 499 993 absoluta
510 931 708 1009 separatione
719 933 922 995 divelluntur.
931 937 1057 996 Utrum-

77 1042 140 1103 que
151 1024 312 1086 societatis
322 1023 501 1085 christianae
508 1025 580 1104 jura
591 1031 622 1087 et
632 1026 736 1088 officia
746 1027 947 1102 determinat,
959 1028 1056 1088 modo

76 1132 183 1184 tamen
199 1122 335 1196 diverse,
353 1121 474 1184 scilicet
488 1125 537 1184 vel
551 1124 585 1183 in
600 1141 725 1203 genere,
738 1125 787 1186 vel
802 1126 835 1185 in
848 1125 963 1204 specie.
979 1127 1055 1186 lure

76 1219 206 1298 publico
219 1225 320 1281 status
332 1219 483 1280 Ecclesia
494 1221 736 1297 determinatur,
751 1228 904 1299 quatenus
913 1225 1054 1286 societa-

76 1319 115 1380 tis
131 1317 312 1379 christianae
323 1317 395 1396 jura
407 1318 438 1379 et
450 1319 555 1379 officia
573 1319 751 1398 generatim
766 1319 798 1380 in
810 1320 875 1380 suis
888 1320 1055 1399 principiis

76 1415 318 1493 investigantur.
339 1415 404 1482 ,lus
431 1433 506 1476 vero
524 1417 693 1494 privatum,
717 1418 801 1478 iacta
823 1419 1054 1496 principiorum

78 1513 291 1592 applicatione
312 1513 350 1572 ad
379 1512 556 1590 peculiares
579 1513 827 1576 christianorum
842 1515 1053 1591 conditiones,
1098 1584 1101 1590 ,

78 1612 276 1690 singulorum
287 1610 359 1688 jura
374 1615 405 1672 et
418 1610 525 1670 officia
539 1611 661 1671 definit.

116 1710 156 1770 ΙΙ.
176 1707 311 1768 Ratione
324 1707 457 1786 tropicis,
466 1707 517 1786 jus
530 1707 720 1768 canonicum
734 1712 782 1769 est
792 1709 840 1770 vel
849 1708 994 1785 dicacem,
1005 1713 1054 1772 vel

77 1806 246 1878 humanam,
266 1805 424 1884 siquidem
437 1810 562 1866 constat
572 1805 688 1884 partim
703 1806 860 1884 humanis,
876 1809 993 1886 partim
1007 1810 1054 1869 di-

76 1905 154 1966 vinis
166 1902 302 1982 legibus.
331 1939 332 1948 κ

116 2003 169 2062 ΙΙΙ.
179 1999 402 2062 Rationemodt'
413 1999 694 2088 quoprcmclpotur,
707 2001 911 2080 distinguitur
913 2003 968 2083 jos
981 2003 1053 2076 scri-

74 2108 159 2178 ptam
173 2099 259 2176 quod
268 2097 396 2176 scriptis
408 2097 584 2158 canonibus
597 2098 790 2174 continetur,
808 2099 899 2180 etjos
913 2119 969 2160 ooo
978 2101 1053 2160 scri-

71 2209 172 2278 ptam,
197 2213 314 2274 nempc
328 2195 457 2256 traditio
483 2201 515 2256 et
540 2197 784 2258 consuetudines
807 2197 872 2258 vim
899 2198 977 2276 legis
998 2198 1054 2258 ha-

77 2293 197 2355 bentes.
370 2370 373 2374 ¹
1008 2363 1010 2371 ,
1062 2289 1064 2294 ’

117 2393 170 2454 IV.
186 2390 319 2452 Ratione
340 2409 440 2450 corum
460 2410 530 2470 quos
548 2391 669 2472 obltpot,
688 2392 738 2470 jus
751 2411 899 2453 commune
912 2393 1017 2455 differt
1035 2413 1053 2454 a

72 2489 263 2569 particulavi.
280 2491 336 2572 lus
351 2505 521 2550 commune
537 2490 714 2564 universam
730 2490 905 2551 Ecclesiam
921 2509 1054 2570 genera-

78 2586 149 2647 liter
167 2585 259 2665 regit,
278 2585 356 2646 licet
370 2586 515 2646 nonnulli
535 2587 628 2648 titulo
648 2587 890 2664 dispensationis
912 2590 960 2649 vel
979 2589 1055 2668 legi·

78 2684 165 2744 timae
177 2683 417 2744 consuetudinis
430 2684 525 2745 eximi
539 2685 672 2762 possint,
687 2684 762 2762 quin
773 2691 943 2764 propterea
953 2691 1055 2748 cesset

79 2781 159 2842 ratic
175 2786 207 2842 et
222 2781 440 2842 denominatio
458 2781 551 2860 juris
571 2782 761 2843 communis,
784 2783 839 2844 Jus
863 2783 1053 2860 particulare

9 2913 11 2920 ·
78 2895 136 2954 pro
170 2881 308 2957 quadam
335 2886 424 2958 parte
455 2878 615 2940 societatis
643 2879 873 2942 Ecclesiasticre
901 2886 1053 2942 statutum

80 2981 143 3050 est;
167 2997 194 3040 v.
218 2995 265 3056 gr.
276 2977 327 3056 jus
342 2977 545 3055 provinciale,
560 2977 611 3054 jus
627 2967 852 3038 dioecesanum.

117 3076 155 3137 V.
168 3075 301 3136 Ratione
312 3075 458 3155 laevaparte,
471 3075 556 3134 aliud
566 3073 730 3155 antiquum,
742 3076 827 3136 aliud
838 3094 954 3150 cocum,
969 3076 1054 3138 aliud

77 3173 265 3232 aooassimom
276 3177 487 3252 nuncupatur.
507 3173 562 3233 lus
578 3172 744 3250 antiquum
757 3173 835 3233 illud
849 3177 896 3233 est
910 3175 994 3252 quod
1007 3177 1049 3238 le·

80 3287 129 3350 ges
144 3269 184 3330 ab
195 3270 288 3330 initio
302 3269 452 3331 Ecclesiae
464 3285 564 3348 usquc
576 3269 615 3328 ad
627 3269 779 3330 saeculum
794 3271 849 3329 Xll
867 3271 967 3332 editas
980 3290 1056 3334 con-

78 3369 166 3431 tinet.
183 3370 241 3431 Jus
259 3385 376 3429 novum
390 3365 633 3446 comprehendit
655 3365 739 3444 leges
756 3383 773 3426 a
790 3368 919 3430 decreto
936 3372 1055 3432 Gnatia·

80 3467 220 3546 niusque
233 3467 274 3526 ad
286 3465 459 3528 concilium
469 3462 691 3526 'tridentinum
704 3465 859 3542 conditas,
872 3471 903 3530 et
918 3468 951 3528 in
973 3469 1056 3531 libro

81 3564 292 3628 Decretalium
312 3569 464 3642 repertas.
478 3565 534 3626 lus
551 3562 758 3626 novissimum
777 3581 913 3628 canones
928 3565 1056 3628 concilii
1134 3639 1137 3647 Α
