2588 4272
161 278 210 328 lla
325 281 480 326 EXPOSI'I'IO
502 273 679 330 METRODIGA
698 273 782 326 tuuis
805 277 962 326 canorum.

209 492 260 556 52.
273 461 303 530 ’-
319 491 456 544 fictarum
469 490 651 550 decretalium
668 489 790 545 influxus
804 490 834 542 in
847 489 1026 556 disciplinam
1039 490 1084 554 (1).

136 715 138 720 .
197 665 319 726 Falsum
333 673 385 737 est,
396 685 454 745 per
470 665 556 747 fictas
574 665 730 728 decretales
742 664 954 746 amplificatum
970 661 1137 743 [111111111-

157 763 238 823 mone'
249 763 402 844 Pontifices
416 765 630 839 auctoritatem,
652 784 758 824 nouum
769 764 824 842 jus
839 761 998 836 inductum,
1018 769 1140 841 pertur-

159 859 446 941 buteEpr'scoporum
448 861 672 942 jura,eaersom
684 881 783 923 oerum
792 859 934 922 Ecclesiae
942 858 1137 938 disceptarem.
1214 879 1216 885 ·

197 960 220 1020 1.
236 957 331 1020 Proh.
345 977 382 1018 ee
397 966 494 1020 tenore
508 959 597 1040 ipsius
610 959 794 1020 collectionis.
813 991 853 1006 -
865 958 965 1019 Falsae
981 961 1055 1017 sunl
1069 955 1144 1034 qui-

158 1055 232 1116 dem
252 1056 426 1117 decretales
449 1056 572 1118 ratione
593 1057 716 1131 lormae,
734 1073 798 1118 non
816 1073 889 1117 vero
904 1054 1028 1116 ratione
1043 1058 1144 1114 mate-

158 1153 214 1216 riae
226 1153 413 1228 ;'consuevit
425 1154 510 1214 enim
525 1155 664 1215 Isidorus
679 1154 761 1215 nihil
774 1155 842 1214 sine
858 1153 1064 1230 antiquorum
1079 1149 1144 1212 suf-

159 1253 258 1331 lragio
272 1252 420 1327 scribere,
445 1258 477 1314 et
498 1255 648 1332 pleraque
670 1255 837 1331 desumpta
852 1257 926 1312 suut
940 1249 1144 1328 exoperibus

159 1349 1141 1428 Petrum,exlegibusPontificum,excanonibusconciliorum.

197 1448 316 1509 Caetera
326 1447 528 1526 disciplinam
542 1447 694 1510 exhibent
704 1464 775 1526 quae
782 1447 848 1524 jam
860 1446 1056 1520 obtinuerat;
1070 1461 1145 1506 nam
1210 1518 1214 1525 1

159 1545 192 1606 in
206 1548 275 1608 aliis
290 1547 483 1626 regionibus,
502 1567 531 1610 v.
557 1567 587 1627 g.
605 1547 637 1608 in
657 1547 747 1610 ltalia
765 1552 798 1608 et
812 1547 973 1624 Hispania,
995 1547 1145 1626 vigebant

160 1660 265 1706 mores
278 1650 309 1706 et
327 1663 398 1706 usus
415 1663 552 1724 quorum
570 1645 660 1724 origo
676 1645 725 1706 his
744 1644 956 1706 decretalibus
979 1643 1143 1721 tribuitur,

159 1743 237 1804 dum
250 1740 311 1802 illae
329 1741 374 1802 ibi
391 1747 480 1803 erant
492 1742 676 1821 incognitas.

199 1841 237 1902 ll.
255 1839 399 1900 Probae
411 1841 647 1902 meateaartorr's.
662 1873 702 1886 -
712 1841 747 1900 In
757 1837 822 1900 illis
842 1836 1040 1916 temporibus
1063 1839 1146 1900 fictae

160 1937 274 1998 litterae
309 1937 460 1997 adhibita
490 1942 582 2011 sunt,
610 1943 645 1998 ut
678 1953 724 2010 ea,
752 1954 823 2014 quae
847 1935 913 2014 jam
934 1953 993 2020 usu
1019 1941 1149 2013 recepta

161 2039 260 2106 eraut,
272 2033 472 2111 superiorum
483 2036 674 2102 seculorum
691 2033 886 2095 testimoniis
903 2033 1149 2111 comprobaren-

159 2138 221 2194 tur.
239 2131 338 2210 Igitur
360 2149 425 2196 non
447 2132 508 2194 alia
531 2131 592 2194 fuit
615 2133 696 2193 ratio
720 2131 871 2210 vulgandi
889 2131 971 2192 bano
987 2131 1150 2192 collectio-

161 2246 246 2302 nem,
271 2246 367 2307 quam
381 2235 415 2292 ut
434 2229 565 2308 antiqua
580 2235 790 2291 monumenta
810 2229 887 2290 hino
903 2229 977 2290 inde
992 2245 1102 2308 sparsa
1115 2227 1150 2286 in

160 2345 260 2390 unum
275 2328 511 2406 colligerentur,
530 2328 776 2407 instauratisque
802 2345 841 2389 ex
865 2327 927 2388 illis
940 2327 1020 2406 juris
1039 2332 1071 2388 et
1085 2325 1148 2386 his·

160 2425 252 2488 toriae
271 2425 422 2502 lontibus,
441 2427 549 2506 vigens
572 2443 610 2488 eo
630 2431 776 2504 tempore
792 2421 1163 2503 (11111111111011111111-Ι

161 2528 259 2584 retur.
599 2571 601 2579 .

201 2621 269 2680 Prae
292 2620 415 2681 catoris
433 2637 507 2682 vero
526 2638 597 2682 eam
620 2615 798 2698 disciplina
824 2623 948 2698 partem
965 2625 1078 2682 auctor
1096 2620 1160 2685 de-··

162 2718 291 2797 feudare
305 2718 437 2792 studuit,
455 2737 526 2796 quae
537 2724 614 2780 tuno
628 2719 766 2780 maxime
779 2717 1008 2796 impetebatur,
1027 2718 1153 2779 scilicet

163 2815 309 2876 ordinem
326 2816 522 2895 judiciorum
544 2817 577 2876 in
592 2815 707 2894 quibus
722 2815 1002 2894 Episcoporumet
1016 2815 1154 2879 clerieo-

161 2930 234 2974 rum
256 2931 359 2976 eausae
374 2913 565 2992 agebantur.
586 2912 734 2990 Quisquis
754 2930 867 2974 sanum
889 2914 931 2974 da
951 2913 1155 2984 Pseudo-Isi-

163 3010 233 3072 dori
247 3011 436 3075 collectione
446 3011 604 3090 judicium
628 3011 709 3072 lerre
726 3011 811 3086 velit,
828 3011 869 3072 ad
884 3029 920 3072 ea
934 3011 1030 3073 debet
1043 3015 1154 3074 atten-

164 3107 239 3168 dere
261 3127 330 3187 quae
343 3109 459 3171 saeculo
474 3125 506 3168 1x
519 3113 607 3186 geste
624 3112 697 3168 sunt
713 3126 719 3167 :
737 3107 856 3182 omnia,
871 3107 1011 3184 delapsis
1026 3106 1154 3184 imperii

163 3205 427 3286 institutionibus,
441 3206 576 3272 arbitrio
592 3205 795 3283 regebantur3
814 3205 848 3266 in
867 3205 1089 3269 ecclesiastica
1106 3204 1155 3283 ju·

137 3358 139 3362 .
165 3303 249 3364 dicia
272 3305 366 3372 rudes
386 3304 554 3366 hominum
576 3320 682 3365 mores
698 3308 729 3364 et
746 3303 976 3381 superstitiosae
1003 3303 1156 3381 quaedam

165 3401 332 3480 opiniones
342 3401 544 3479 irrepserant.
564 3403 609 3462 Ea
621 3401 681 3460 luit
695 3417 784 3461 mens
798 3400 950 3476 auctoris,
964 3401 1035 3483 ipso
1053 3401 1158 3462 decla-

198 3555 229 3616 (1)
242 3552 330 3614 Bouix,
340 3553 377 3602 De
384 3551 518 3616 principiis
532 3550 606 3616 juris
621 3548 741 3610 aaronica,
756 3563 814 3612 pars
831 3549 877 3610 111,
895 3563 951 3612 cap.
967 3563 996 3600 x.
1017 3575 1047 3587 -
1060 3549 1157 3600 zellin-

165 3648 218 3698 ga,
229 3634 345 3684 Historia
353 3631 465 3696 sontium
474 3629 546 3696 juras
559 3627 682 3690 canonici,
697 3642 752 3690 cap.
763 3643 791 3692 u,
1096 3637 1098 3644 ·
