2626 4258
234 346 287 398 386
396 344 556 396 nxrosmto
578 340 756 392 ldE'l'HOllch
775 342 858 392 tuuis
880 341 1037 390 canontct.

270 467 386 530 clectis
400 465 537 546 imponit
551 463 700 538 biretum,
721 467 753 524 et
763 462 826 524 alia
841 459 893 523 die
903 462 1046 542 galerum
1058 459 1206 535 rubrum3

231 565 277 628 eis
291 584 327 628 os
343 564 462 642 claudit
475 571 506 626 et
520 562 637 643 aperit;
654 561 807 622 annulum
823 561 931 636 tradit,
948 559 1145 639 titulumque
1159 575 1209 619 as·
1284 639 1285 646 ἵ

232 665 347 746 signat.
481 739 485 750 ¹

272 763 415 826 Promoti
442 761 608 838 absentes,
638 764 808 840 antequam
833 758 1019 820 solemniter
1053 756 1213 837 accipiant
1285 794 1286 840 ,

233 861 371 924 biretum
383 877 441 941 per
453 860 631 942 Ablepatum
643 859 686 920 ad
701 858 787 938 ipsos
801 857 945 933 missum,
957 856 1067 936 jurant
1080 873 1115 917 se
1128 855 1216 918 intra

234 977 352 1022 annum
366 959 405 1020 ad
420 957 531 1018 limina
545 957 772 1036 Apostolorum
787 971 969 1016 accessuros
987 972 1069 1016 esse.
1286 960 1287 1044 l

274 1060 345 1120 Istae
358 1055 488 1135 quidem
497 1055 713 1118 solemnitates
728 1053 886 1116 observari
897 1054 1011 1130 solent,
1025 1058 1134 1115 tamen
1146 1070 1219 1114 non
1287 1127 1288 1132 ἵ

236 1156 395 1235 pertinent
407 1154 447 1214 ad
460 1152 669 1215 substantiam
681 1150 903 1232 promotionis.
915 1152 1018 1220 Hodie
1029 1151 1218 1214 cardinales

237 1271 275 1316 ex
296 1259 369 1316 actu
390 1252 558 1314 creationis
583 1253 723 1332 perlecta
744 1251 885 1332 promoti
908 1255 1089 1326 censentur,
1114 1249 1162 1312 ita
1180 1255 1219 1312 ut
1288 1294 1289 1320 ,

236 1351 374 1414 habeant
385 1367 495 1412 vocem
513 1350 546 1410 in
559 1349 715 1412 electione
730 1353 764 1411 lt.
785 1347 960 1426 Pontificis,
978 1347 1122 1428 quamvis
1137 1349 1220 1410 car-

150 1489 154 1498 ·
238 1447 697 1528 diualatusinsignianondum
712 1444 916 1511 obtinuerint.

517 1665 542 1712 ².
558 1658 728 1712 cardinalium
742 1657 925 1722 prerogativa.

278 1831 301 1894 l.
319 1829 489 1912 Privilepio.
506 1863 547 1876 -
563 1833 591 1892 l.
608 1831 644 1892 ln
663 1829 727 1892 suis
744 1828 856 1904 titulis,
871 1823 1219 1907 cardinalesjurisdic-

237 1929 359 1992 tionem
375 1927 697 2010 quasi-episcopalem
714 1927 870 2004 obtinent,
886 1931 1050 1988 tonsuram
1065 1931 1097 1988 et
1111 1928 1220 1990 mino-

238 2043 287 2087 res
303 2025 431 2086 ordines
445 2025 510 2086 snis
525 2025 660 2086 subditis
675 2026 855 2087 conterunt.

278 2127 307 2186 ἓ.
333 2123 415 2202 Ipsis,
438 2123 594 2202 competit
619 2122 803 2202 suffragium
828 2120 1004 2186 decisivum
1020 2122 1054 2187 iu
1074 2123 1228 2186 conciliis

239 2221 448 2302 generalibus.

280 2323 309 2382 3.
325 2320 471 2382 censuris
483 2339 549 2382 non
562 2319 746 2384 alliciuntur
760 2318 823 2382 nisi
838 2318 987 2400 specialis
1003 2337 1116 2384 eorum
1131 2339 1230 2384 meu·

240 2417 286 2482 tio
304 2419 503 2482 lactaluerit.

281 2519 311 2577 l.
329 2515 387 2590 Qui
401 2515 567 2579 offendunt
578 2517 758 2584 Cardinales
772 2522 845 2581 sunt
859 2517 905 2580 rei
916 2518 1001 2582 laesae
1015 2518 1203 2600 majestatis.

282 2617 321 2678 ll.
338 2614 505 2680 Honoribus
522 2622 731 2680 accensentur
745 2634 858 2680 eorum
877 2615 1012 2697 insipniu,
1028 2615 1118 2692 tituli,
1136 2637 1232 2698 prce-

243 2711 382 2776 cedentia.

284 2816 313 2874 l.
328 2807 472 2892 Insipnr'u.
487 2846 527 2859 -
548 2813 618 2876 Non
642 2814 682 2876 ad
705 2813 821 2876 fastum
845 2811 1004 2892 regalibus
1026 2817 1235 2878 ornamentis

244 2911 443 2987 decorantur,
461 2912 529 2988 sed,
550 2911 885 2991 jubentelunocentio
904 2911 956 2986 IV,
977 2931 1154 2994 purpuram
1177 2914 1238 2976 in-

243 3010 346 3074 duunt
358 3010 391 3072 in
406 3009 595 3072 memoriam
609 3011 764 3090 passionis
780 3009 908 3073 christi.
926 3009 1076 3072 celerum
1090 3012 1238 3077 rubrum

243 3117 291 3173 est
312 3109 492 3192 symbolum
512 3109 675 3172 charitatis
697 3129 761 3190 qua
782 3107 957 3171 detendunt
978 3109 1170 3174 Pontificem
1193 3120 1236 3176 et

242 3209 427 3285 Ecclesiam,
448 3227 506 3288 pro
530 3208 657 3288 quibus,
684 3209 710 3270 si
736 3211 894 3289 oporteat,
918 3207 1107 3286 sauguinem
1127 3228 1238 3274 suum

243 3307 403 3368 effundere
415 3304 543 3368 dehent.

284 3404 464 3466 Cardinales
487 3421 525 3466 ex
548 3401 742 3483 regularibus
768 3409 922 3488 assumpti
945 3415 1237 3488 veste·purpurea

246 3517 309 3562 non
324 3507 467 3576 utuntur,
484 3507 518 3564 ut
536 3503 657 3565 ordinis
672 3503 720 3564 sui
735 3503 878 3567 colorem
895 3507 1066 3570 retineant.

284 3603 314 3661 2.
334 3598 434 3662 Tituli.
450 3600 644 3664 —Urbanus
658 3604 726 3666 Vlll
739 3619 794 3666 eos
806 3605 959 3684 appellari
974 3603 1070 3685 jussit
1080 3602 1237 3666 Eminen-

248 3697 290 3758 tt‘o
304 3698 352 3759 vel
363 3696 607 3761 Eminentiasimi.
