2626 4258
208 253 259 302 ³88
380 250 538 298 Expostulo
561 247 736 294 merconico
758 249 840 294 sums
865 250 1018 296 canonlot.

204 371 295 433 titur.
318 368 470 448 Episcopi
489 381 553 429 una
573 365 713 446 collecti,
737 366 797 426 nisi
815 366 906 428 illum
928 384 1018 429 secus
1031 367 1182 443 habeant,

205 466 380 530 Ecclesiam
392 453 621 546 repraesentare
633 481 698 524 non
708 469 855 542 possunt,
872 465 1031 544 siquidem
1044 466 1185 528 Ecclesia

205 565 349 626 universa
363 564 481 625 dicitur
491 581 586 642 supra
599 566 724 641 petram
734 562 900 638 aedificata,
914 569 946 625 et
958 564 1011 625 ille
1023 564 1185 626 universos

205 664 316 724 fratres
329 663 517 723 confirmare
534 661 640 722 debet.
1281 647 1282 730 ζ

244 761 412 832 Praeterea,
435 776 473 820 ex
484 757 697 837 promissione
712 756 839 830 Christi,
855 757 1040 837 contingere
1060 759 1184 838 nequit,

205 864 241 920 ut
254 863 357 920 totum
380 857 532 918 Ecclesiae
548 853 752 916 aediliciuma
773 871 830 915 suo
852 855 1060 916 fundamento
1081 856 1186 916 dimo·
1281 845 1282 934 ζ

207 962 325 1031 ceatur,
340 955 372 1015 id
389 959 446 1027 est,
462 958 498 1014 ut
519 969 630 1014 omnes
643 950 793 1030 Episcopi
810 950 850 1012 ab
863 952 993 1013 unitatis
1007 957 1120 1014 centro
1135 971 1183 1013 re·
1281 937 1282 946 ¹

206 1054 331 1117 cedant.
358 1053 466 1129 ltaque
493 1051 556 1110 duo
589 1049 836 1128 comparationis
864 1050 993 1111 termini
1020 1068 1187 1130 nunquam
1281 1079 1282 1092 κ

206 1151 344 1215 habendi
355 1155 427 1212 sunt
437 1154 590 1228 tanquam
605 1147 758 1227 oppositi.

315 1380 330 1444 ᾖ
343 1379 367 1432 2.
385 1377 586 1430 -Auctoritas
605 1374 787 1428 conciliorum
805 1375 1017 1442 particularium
1030 1380 1075 1442 (ll.

246 1562 423 1625 Concilium
438 1559 694 1629 nationaleultra
711 1557 884 1634 nationem,
898 1559 1091 1637 provinciale
1104 1563 1190 1624 ultra

206 1660 414 1740 provinciam,
428 1657 644 1720 dioecesanum
655 1655 1081 1738 ultradioecesimpersenon
1091 1659 1189 1722 habet

207 1757 441 1818 auctoritatem.

246 1855 308 1916 Per
320 1853 449 1914 occidens
459 1854 527 1914 lleri
538 1857 644 1931 potest
658 1857 693 1913 ut
703 1854 831 1916 decreta
844 1853 971 1914 concilii
986 1855 1187 1932 particularis

207 1953 417 2012 extendantur
429 1951 461 2010 in
477 1951 653 2012 Ecclesiam
662 1951 850 2014 universam.
867 1953 935 2014 Hoc
950 1951 1053 2014 evenit
1066 1953 1187 2031 duplici

208 2049 305 2110 modo
327 2050 374 2110 vel
389 2048 609 2131 confirmatione
623 2065 769 2127 expressa
786 2049 824 2111 R.
841 2050 1015 2124 Pontificis,
1031 2053 1081 2114 vel
1103 2051 1191 2112 illius

209 2165 345 2208 consensu
360 2146 455 2208 tacito.
519 2177 529 2190 J
950 2216 952 2221 ,
1006 2135 1011 2142 “”

247 2243 272 2306 Ι.
295 2247 429 2308 Decreta
444 2245 572 2308 concilii
585 2244 786 2324 provincialis
802 2245 973 2324 aliquando
990 2250 1060 2310 alt.
1077 2247 1188 2310 Ponti-

209 2343 268 2404 lice
289 2343 528 2404 confirmantur.
550 2345 625 2403 Haec
644 2347 752 2404 autem
767 2345 968 2408 confirmatio
981 2364 1045 2407 non
1061 2363 1191 2426 semper

210 2441 340 2528 eosdem
350 2441 501 2520 produxit
516 2441 660 2503 effectus.
1113 2521 1117 2528 Ι

249 2544 278 2601 l.
296 2541 429 2600 Decreta
443 2538 624 2616 dogmatica
640 2537 769 2598 concilii
782 2540 992 2618 particularis,
1008 2541 1065 2604 ubi
1078 2546 1193 2602 aucto-

210 2637 302 2699 ritate
325 2636 448 2698 Summi
464 2635 627 2696 Pontifiois
647 2638 888 2712 confirmantur,
912 2639 976 2699 uim
996 2633 1193 2700 obtinentin
1281 2665 1282 2670 ¹

208 2734 388 2795 uniuersam
401 2733 587 2794 Ecclesiam.
605 2733 656 2793 Sic
670 2751 793 2794 errores
816 2735 934 2814 Pelagii
950 2741 982 2797 et
996 2737 1192 2818 Priscilliani
1281 2733 1282 2816 j

209 2829 386 2892 aconciliis
402 2829 560 2890 Africanis.
570 2835 601 2891 et
623 2831 777 2892 Toletano
794 2831 934 2895 damnati
954 2839 1042 2911 sont3
1064 2853 1196 2896 eorum·
1281 2845 1282 2852 ’

209 2929 283 2990 clem
307 2925 518 2988 conciliorum
539 2927 696 3006 judicium
715 2929 947 2992 irreformabile
962 2931 1110 2994 habitum
1132 2939 1193 3010 est,

209 3031 380 3111 postquam
392 3024 593 3091 confirmatio
606 3026 800 3102 Apostolioae
814 3029 904 3088 Sedis
916 3031 1059 3093 accessit.

249 3125 278 3184 E.
296 3125 375 3184 Cum
390 3121 558 3202 disciplina
571 3123 672 3202 possit
687 3142 755 3185 esse
778 3125 900 3188 diversa
918 3128 1086 3206 precariis
1113 3131 1199 3192 locis
1281 3181 1282 3184 ,

210 3225 242 3282 et
261 3219 470 3301 temporibus,
500 3222 663 3282 decretum
688 3222 891 3302 disciplinare
916 3243 980 3286 non
1009 3229 1201 3289 extenditur

209 3317 293 3378 ultra
319 3317 437 3378 limites
465 3318 606 3380 ecclesiae
626 3319 837 3400 particularis,
868 3323 927 3384 uisi
954 3323 1046 3386 aliter
1075 3331 1203 3390 statuat

210 3414 247 3474 R.
268 3414 413 3476 Pontilcx
428 3414 461 3475 in
478 3417 731 3480 confirmatione.
808 3439 812 3444 ’

241 3601 278 3665 (t)
293 3601 390 3662 Devoti,
401 3601 493 3666 Sopita,
506 3605 640 3669 zullingon
657 3606 689 3656 de
702 3606 829 3660 concilio.
