2588 4272
244 264 294 314 1⁴¹
409 261 566 310 nxrostrio
587 259 766 320 HE'fflOfflGA
786 257 869 307 tuuis
892 258 1045 306 canonici„

348 383 385 440 B.
398 368 627 446 Dissertatioues.

313 476 340 528 d.
355 471 533 550 Repertosia.
727 547 729 552 Ι

313 565 339 618 7.
355 561 464 634 Scripta
476 559 633 634 periodica.

282 727 319 786 ll.
337 724 502 807 Spstemam
507 723 590 806 juris
604 721 741 782 cononici.
756 753 796 766 -
816 719 946 782 Plurimi
965 719 1150 787 canonistae‚
1168 735 1215 778 or-

244 823 353 885 dinem
373 823 584 885 Deoretalium
601 821 712 896 secuti,
731 819 781 898 jus
801 816 1061 890 ecclesiasticum,
1085 817 1125 876 ad
1138 815 1215 893 judi·

242 922 365 982 ciorum
380 921 535 983 rationem
551 921 728 991 redactum,
743 916 888 979 dividunt
901 916 934 977 in
948 915 1090 996 quinque
1108 911 1213 989 libros,

243 1035 380 1098 quorum
396 1035 520 1080 summa
536 1035 627 1081 versu
641 1015 822 1080 continetur
839 1034 846 1076 ε

396 1233 489 1288 tuntas,
506 1233 640 1288 indictuni,
660 1231 768 1286 CLERUS,
784 1229 929 1284 cortuum,
944 1227 1055 1268 cntueri.

283 1378 377 1439 Aliud
392 1377 524 1441 invaluit
544 1385 681 1459 systema
695 1379 801 1459 quod‚'
817 1377 856 1439 ab
878 1375 1034 1438 institutis
1050 1374 1218 1437 iustiniani

243 1473 458 1552 desumptum,
490 1468 672 1536 ¹universam
693 1476 773 1555 juris
804 1473 970 1536 materiam
997 1471 1163 1534 distribuit
1188 1471 1219 1531 in

245 1576 306 1632 tres
322 1577 437 1650 partes,
451 1572 638 1654 deposcitis,
655 1574 739 1636 rebus
751 1572 920 1653 etjooticiis.
1105 1563 1110 1570 ’

282 1670 467 1731 methodum
489 1675 535 1734 'ex
562 1678 674 1734 natura
700 1673 744 1734 ret
774 1673 945 1734 deductam
977 1668 1216 1748 persequimuu

244 1768 419 1846 optandum
439 1775 486 1830 est
498 1771 594 1844 enim,
611 1777 647 1832 ut
660 1771 728 1849 ipse
743 1770 819 1850 juris
837 1774 1027 1848 conspectus
1037 1767 1145 1843 ideam
1161 1767 1220 1828 idc-

244 1865 348 1926 etesiae
361 1867 526 1945 exprimat.
541 1871 609 1930 Huc
621 1869 760 1946 pertinet
772 1867 936 1948 proposita
950 1865 1080 1944 partitio
1096 1864 1221 1926 Institu-

244 1963 368 2025 tionum
379 1963 412 2022 in
425 1963 586 2042 duplicem
602 1971 736 2042 partem,
753 1966 885 2027 alteram
900 1963 1073 2044 pastoratem,
1090 1963 1220 2024 alteram

244 2059 410 2138 specialem.
427 2061 516 2123 Siout
535 2063 567 2122 in
583 2063 671 2124 omni
689 2063 822 2125 scientia
842 2083 856 2118 n
868 2080 905 2124 ex
923 2061 1089 2142 principiis
1108 2075 1220 2140 prooe-

245 2159 331 2219 ditur
343 2158 377 2217 in
391 2158 553 2237 objectum
567 2161 620 2240 (t),
635 2185 649 2220 n
660 2182 735 2243 pars
745 2161 888 2244 poneretis
908 2161 1053 2240 exposuit
1067 2157 1222 2239 Principia

245 2254 370 2315 scientiae
383 2256 541 2321 canonicae.
561 2259 639 2321 Pars
653 2259 785 2343 specialis
799 2259 954 2323 describit
971 2257 1094 2320 Statum
1120 2258 1154 2321 E
1153 2255 1221 2318 crte-

246 2353 298 2414 sioe
306 2350 399 2432 justa
413 2373 541 2420 canones.

279 2533 313 2594 (l)
328 2532 478 2600 Liberatus,
496 2538 666 2590 destitutiones
678 2540 868 2606 philosophice,
889 2539 984 2604 Lopicoe
995 2534 1096 2601 partili,
1110 2545 1168 2596 0²1³·
1183 2546 1218 2583 u.
