2630 4250
137 311 140 316 Ι
247 253 299 302 ΝΘ
424 249 581 296 uxroslrlo
602 245 781 292 uernoulcl
802 245 885 291 touls
907 245 1059 292 canonici.

436 456 460 502 a.
471 454 534 502 sura
545 437 679 526 pourton
693 446 838 510 repartum
854 449 884 496 a.
898 446 1035 498 nanterus.

289 625 415 685 Bonum
436 619 588 682 Ecclesiae
603 617 753 696 postulat,
770 620 806 676 ut
825 615 995 695 disciplina
1008 616 1147 678 consistat
1160 635 1204 680 or·

253 719 371 794 dinato,
385 717 440 780 ubi
455 717 594 794 collapsa
609 714 650 775 sit
664 714 867 787 instauretur,
889 718 920 774 et
933 713 1090 776 interdum
1103 718 1208 794 tempo·
1283 770 1284 810 p

254 817 341 879 ribus
356 820 389 877 et
403 815 481 876 locis
503 811 777 874 accommodetur.
801 809 899 888 Igitur
914 811 954 870 ad
975 815 1153 888 potestatem
1170 813 1209 874 le·
1283 813 1284 838 ²

248 913 431 1004 ¹gislativam
443 909 578 973 Romani
596 906 759 970 Pontidois
779 907 944 984 pertinent
967 908 1037 970 haec
1059 909 1116 972 tria
1128 910 1208 988 jura:

295 1013 321 1073 Ι.
336 1010 390 1070 Jus
408 1006 523 1088 serendi
534 1007 619 1088 depes.
636 1038 676 1052 -
688 1005 845 1066 Primatus
865 1009 914 1066 est
935 1011 1074 1084 potestas
1086 1024 1211 1086 suprema
1284 986 1285 1014 ¹

259 1115 291 1172 et
311 1105 490 1186 ordinaria3
509 1105 597 1184 atqui
616 1102 787 1165 auctoritas
806 1102 992 1182 hujusmodi
1012 1105 1211 1183 complectitur

259 1209 449 1286 potestatem
464 1202 625 1265 condendi
640 1203 736 1280 leges
753 1200 839 1280 (Pars
852 1205 894 1278 1¹,
911 1200 968 1262 lib.
983 1203 1007 1275 Ι,
1023 1202 1072 1263 tit.
1086 1203 1120 1282 ι.)

298 1303 336 1378 ll.
357 1301 412 1362 dus
440 1299 543 1361 tuendi
563 1317 694 1362 conones.
717 1299 824 1358 -Ex
846 1315 922 1359 cura
950 1298 1045 1362 totius
1072 1298 1211 1370 Ecclesia,

260 1395 497 1464 successorihus
512 1397 597 1460 Petri
611 1395 794 1472 commissa,
806 1397 908 1458 oritur
924 1397 1065 1459 officium
1078 1401 1107 1458 et
1116 1397 1161 1476 jus
1178 1395 1216 1454 di·
1286 1421 1287 1438 .

200 1551 206 1568 ,
259 1497 395 1576 ligenter
411 1496 543 1556 curandi
562 1500 597 1556 ut
611 1496 697 1574 leges
715 1494 941 1558 eeclesiastioae
963 1496 1002 1558 ah
1017 1496 1154 1558 omnibus
1168 1494 1215 1556 oh·

261 1600 435 1658 serventur.
466 1593 605 1655 Proinde
632 1592 767 1654 Romani
790 1584 1061 1656 Pontifices‘sunt
1082 1575 1217 1655 canonum
1287 1632 1288 1660 2

262 1693 410 1754 custodes
421 1697 452 1752 et
460 1689 611 1752 vindices
627 1689 708 1752 Huic
715 1690 779 1770 juri
792 1689 931 1754 cohaeret
942 1696 1080 1771 potestas
1088 1687 1218 1770 puniendi

264 1797 296 1853 et
309 1807 458 1851 censuras
475 1788 610 1849 ferendi.

304 1889 356 1947 ΙΙΙ.
382 1885 437 1945 Jcs
462 1883 655 1964 discursandi.
672 1915 712 1930 -
728 1886 870 1947 Potestas
891 1887 1016 1971 ferendi
1036 1888 1118 1966 leges
1135 1884 1220 1946 iuclu-
1288 1897 1289 1934 1

267 1984 314 2045 dit
333 1982 520 2043 facultatem
543 1981 759 2058 dispensandi,
775 1982 865 2060 juxta
881 1982 961 2044 illud
981 1984 1060 2064 Juris
1083 1982 1191 2044 axioma
1214 1998 1219 2038 :

267 2081 358 2160 eujus
373 2084 421 2140 est
432 2079 536 2157 legem
548 2078 698 2167 condere,
712 2079 779 2157 ejus
793 2085 841 2140 est
852 2080 937 2142 illius
957 2081 1171 2161 obligationem
1185 2093 1223 2138 re·
1289 2064 1290 2114 ἶ

268 2179 406 2241 mittere.
427 2177 537 2254 ltaque
552 2175 698 2243 Pontifex
709 2180 814 2255 potest
833 2177 1017 2258 dispensare
1031 2195 1122 2258 super
1140 2174 1223 2239 omui·

268 2274 705 2355 busecclesiasticislegibus.
1219 2348 1222 2356 Ι

308 2375 371 2435 Ista
382 2377 522 2452 potestas
536 2373 632 2435 etiam
643 2373 681 2434 ab
692 2374 761 2454 ipsa
773 2374 1048 2456 dispensationum
1060 2371 1223 2438 necessitate

270 2473 456 2536 vindicatur.
473 2471 601 2534 Etenim
621 2473 661 2532 ad
681 2473 840 2534 rationem
856 2474 1023 2552 regiminis
1043 2464 1225 2536 ecclesiastici

271 2573 409 2654 pertinet
422 2575 458 2632 ut
478 2569 512 2630 iu
535 2569 678 2632 Ecclesia
701 2571 742 2632 sit
764 2573 936 2634 auctoritas
959 2573 1133 2636 relaxanda
1151 2566 1225 2646 legis,

269 2673 355 2752 justa
371 2686 466 2732 causa
479 2667 708 2732 intercedente.
724 2670 873 2732 Jamvero
888 2671 1065 2751 Episcopus
1080 2665 1179 2746 nequit
1189 2677 1228 2722 re·

272 2765 426 2845 gulariter
447 2763 629 2842 dispensare
652 2765 686 2826 in
709 2765 832 2845 legibus
854 2768 1063 2846 generalibus,
1086 2781 1153 2827 nam
1172 2761 1227 2836 ipse

271 2861 420 2924 Pontifici
435 2867 465 2922 et
478 2862 620 2924 Concilio
635 2862 788 2942 subjacet,
806 2869 837 2928 et
851 2865 984 2926 inlerior
994 2860 1229 2945 jurisdictionem

279 2977 346 3022 non
359 2958 455 3020 habet
467 2958 501 3018 in
515 2959 600 3036 leges
613 2959 798 3037 superioris.

289 3117 291 3121 .
314 3057 448 3120 Accedit
473 3062 620 3118 constans
649 3057 801 3121 Ecclesiae
824 3057 965 3134 traditio,
993 3063 1025 3121 et
1042 3051 1233 3120 Consiliorum

274 3153 459 3218 testimonia
484 3153 599 3232 quihus
620 3153 690 3218 haec
716 3156 879 3218 Pontillcis
903 3160 1042 3234 potestas
1066 3143 1234 3228 comproba·

278 3254 342 3314 tur.
728 3254 731 3259 '

468 3421 494 3467 3.
514 3420 578 3470 lura
588 3423 719 3482 potestatis
732 3421 873 3483 judiciarie
885 3421 918 3471 R.
935 3418 1070 3471 Pontilleis.

320 3565 343 3628 I.
358 3565 412 3627 Jus
424 3567 562 3628 edocendi
573 3578 602 3630 et
616 3569 766 3633 decidendi
775 3589 874 3633 cousus
884 3571 1020 3652 majores.
1034 3567 1127 3628 -Ex
1138 3555 1240 3624 sollici·
