2626 4258
225 261 298 323 elo,
387 260 544 307 exeoslrlo
564 259 741 308 lerflonrcn
762 259 846 306 iulus
871 259 1027 306 cerenici.

314 461 426 521 Qunsuo
437 463 475 512 2⁸.
488 449 519 496 -’-
532 459 569 509 Dr
583 469 691 508 inruant
716 471 908 532 consrirnrrons
922 470 1104 510 clnrroronma.

261 615 412 680 canonici
433 615 732 678 consideranturvel
751 615 943 694 singulatim,
968 616 1016 677 vol
1039 615 1207 678 universe·

221 715 280 777 tim
298 734 305 776 :
909 711 911 715 ⁴

174 839 177 846 ’
258 847 278 902 Ι.
308 847 347 902 De
360 845 498 902 membris
513 845 648 918 capituli.

259 937 291 993 ll.
306 937 346 993 De
361 952 480 1008 corpore
497 934 661 1008 capitulari.

524 1141 543 1190 l.
559 1168 586 1178 -
601 1142 638 1192 De
649 1141 766 1192 membris
782 1141 906 1204 capituli.

168 1287 171 1293 ’
257 1303 285 1356 l.
304 1297 411 1354 Diversi
423 1295 540 1352 honoris
556 1295 662 1368 gradus
676 1296 707 1351 in
722 1295 860 1368 capitulo.

255 1391 283 1445 t.
298 1388 509 1444 Canonicorum
523 1384 686 1458 praebendae
701 1387 729 1441 et
742 1384 943 1456 obligationes.

440 1590 462 1637 1.
478 1585 575 1637 Diversi
585 1583 684 1634 honoris
700 1585 792 1647 medus
808 1585 834 1634 in
849 1585 971 1648 capitulo.

255 1748 280 1800 l.
294 1741 406 1814 Diversi,
415 1741 520 1814 gradus
534 1742 611 1797 inter
624 1741 776 1798 canonicos
789 1741 932 1798 titulrres.

253 1837 280 1890 2.
295 1833 431 1889 Canonici
444 1831 705 1906 supernumerarii.

397 1987 494 2072 Diversi
507 2019 599 2084 madiis
612 2020 678 2072 iuter
689 2021 822 2072 canonicos
834 2021 951 2072 titulatos
965 2019 976 2086 (
995 2021 1012 2086 l.

256 2181 280 2242 l.
298 2177 412 2241 Gradus
425 2178 456 2238 in
477 2197 590 2259 uenere.
615 2211 656 2223 —
669 2181 754 2241 luter
779 2181 949 2242 canonicos
974 2179 1117 2242 eminent
1140 2181 1196 2260 qui

221 2278 410 2360 Dayoieutm,
429 2282 483 2338 aut
501 2275 650 2358 Officium,
674 2283 728 2338 aut
748 2277 942 2340 Personarum
963 2277 1121 2340 obtinent.
1139 2278 1196 2340 Di-

116 2423 119 2429 .
217 2377 371 2458 quitusest
384 2376 591 2455 praerogativa
605 2375 734 2436 honoris
751 2393 823 2438 oum
835 2377 1057 2456 jurisdictione
1072 2382 1126 2438 aut
1138 2377 1197 2438 ad-

218 2474 462 2540 ministratione.
487 2471 628 2554 Osficium
647 2479 693 2534 est
714 2474 947 2536 administratio
967 2475 1033 2536 sine
1046 2475 1197 2554 jurisdic-

217 2575 304 2636 tione
326 2578 358 2633 et
381 2571 602 2651 praecedentia.
629 2570 807 2638 Persoootus
828 2577 874 2635 est
892 2573 1105 2651 precedentis
1130 2571 1196 2632 sine
1272 2607 1275 2618 ·

213 2670 447 2751 jurisdictione.

257 2775 286 2832 l.
303 2770 357 2830 llis
372 2767 522 2847 gradibus
537 2766 680 2846 insigniti
695 2771 784 2842 sunt,
795 2772 912 2848 praeter
925 2769 1195 2830 Archidiaeonum

216 2873 247 2930 et
259 2865 589 2946 Archipreshyterum,
602 2865 807 2944 Praepositus,
824 2868 978 2941 Decanus,
991 2866 1195 2928 primicerius

215 2971 247 3026 et
262 2967 453 3038 Praeccntor,
468 2963 693 3024 'thesaurarius
707 2968 739 3024 et
754 2963 979 3028 Scholasticus.

254 3065 368 3125 Curam
380 3061 511 3139 capituli
532 3060 662 3140 gerebat
676 3060 859 3143 Propositus
877 3063 1035 3126 internam
1048 3068 1080 3126 et
1094 3067 1195 3126 exter-

213 3157 451 3234 nannenus
477 3161 601 3218 tantum
624 3156 790 3220 internam.
809 3158 1009 3236 Primicerios,
1031 3161 1076 3222 ita
1091 3160 1194 3221 dietus

214 3276 252 3320 ex
267 3257 402 3336 eoquod
419 3255 451 3316 in
470 3255 570 3316 cereis
585 3253 700 3318 tabulis
723 3256 843 3333 primus
858 3257 1096 3333 inscriberetur,
1113 3257 1193 3318 Cho·

213 3372 283 3418 rum
300 3353 466 3432 dirigebat,
484 3357 516 3416 et
534 3353 597 3416 alio
610 3354 740 3422 nomine
755 3357 932 3435 appellatus
953 3362 1001 3418 est
1021 3357 1193 3418 Proeeeotor

214 3472 251 3516 ex
274 3453 380 3514 officio
406 3453 467 3530 ipsi
486 3451 692 3514 incumbente
717 3457 752 3514 ut
781 3453 895 3516 divinae
916 3455 1025 3518 laudes
1046 3455 1189 3518 ordinate

245 3626 277 3686 ll)
287 3623 373 3682 Bouix,
384 3621 415 3672 de
428 3619 557 3684 Capitulo.
