2620 4258
452 297 526 342 PARS
549 297 713 342 SPEGIALIS.
1013 297 1061 344 ΒΜ

88 403 277 468 convoc'atio
292 425 385 470 suum
398 409 545 472 effectum
558 412 698 487 sortitur,
715 411 770 473 ubi
784 410 932 490 Episcopi
949 429 1065 476 conve-

88 502 181 564 niunt
191 520 324 567 numero
333 507 525 571 sufficiente.

130 603 263 664 Necesse
278 609 407 666 nou'est
421 611 457 667 ut
472 623 584 668 omnes
601 607 732 669 omnino
754 607 875 681 adsint3
893 608 977 686 quod
995 608 1063 668 fieri

87 699 210 776 nequit.
228 700 308 761 Satis
322 706 370 762 est
380 703 501 780 aliquot
512 721 550 764 ex
562 703 693 765 diversis
707 703 878 782 provinciis
891 705 1064 784 Episcopus

86 795 250 872 interesse,
270 797 363 859 itaut
380 815 491 861 eorum
507 806 690 876 conventus,
711 800 861 879 inspectis
875 802 1017 862 locorum
1033 805 1066 862 et

87 908 295 970 personarum
305 895 474 973 adjunctis,
489 896 551 960 dici
561 899 661 976 possit
670 897 909 976 repraesentatio
921 896 1064 976 corporis

87 989 287 1069 episcopalis.
986 1055 989 1064 .

129 1088 282 1150 Absentes
295 1091 444 1170 Episcopi
458 1093 589 1154 mittunt
595 1100 810 1173 procuratores,
825 1091 939 1170 quibus
949 1108 1065 1154 eonce-

88 1185 175 1245 ditur
188 1186 318 1247 facultas
331 1187 452 1249 serendi
465 1189 648 1268 suffragium
661 1189 883 1251 consultivum.

129 1283 162 1344 Si
177 1285 325 1348 deficeret
338 1285 554 1349 universalitas
569 1287 751 1364 materialis,
766 1289 817 1348 lex
828 1289 945 1349 valeret
956 1305 1020 1350 non
1030 1291 1066 1349 ut

86 1382 251 1444 decretum
268 1383 407 1456 concilii,
423 1386 478 1446 sed
496 1391 647 1464 tauquam
660 1387 825 1448 decretum
840 1387 881 1448 R.
900 1383 1062 1447 Pontifiois

84 1479 183 1539 solius
199 1479 413 1540 decernentis.

295 1683 319 1731 3.
335 1681 527 1732 Deliberstionis
542 1682 666 1743 objectum
679 1688 704 1732 et
714 1681 793 1731 forma
807 1681 855 1743 (l).

125 1836 149 1894 Ι.
173 1831 321 1913 Objectnrn
342 1834 557 1896 deliberationis
577 1841 624 1897 est
638 1837 686 1896 vel
702 1851 795 1896 causa
810 1834 883 1894 fidei
900 1835 947 1896 vel
967 1835 1064 1897 disci-

83 1929 174 2009 plina
187 1929 382 2018 universalis.
399 1933 533 1992 Decreta
545 1931 728 1993 consiliaria
743 1936 814 1993 sunt
826 1932 911 2010 leges
926 1932 1065 1993 aconci-

84 2027 138 2088 liis
157 2027 251 2089 editae
276 2029 360 2090 circa
382 2034 552 2108 utrumque
570 2045 667 2108 genus
686 2045 862 2090 causarum.
886 2027 1063 2091 Concilium

84 2125 312 2188 Tridentinum
331 2143 380 2188 res
397 2125 471 2186 fidei
486 2125 652 2199 canonibus,
671 2142 721 2186 res
736 2119 913 2204 discipline
928 2124 1059 2200 decretis,

83 2225 253 2300 utramque
274 2223 453 2285 doctrinam
466 2221 622 2300 capitibus
635 2222 801 2283 ordinavit.

127 2321 277 2380 Summus
305 2319 453 2381 Pontifex
480 2320 557 2379 dum
591 2318 728 2381 concilio
755 2324 882 2397 praeest,
915 2321 1060 2397 quando-

85 2435 149 2497 que
185 2418 317 2498 proprio
343 2417 474 2480 nomino
502 2418 630 2479 decreta
660 2415 736 2490 edit,
761 2417 884 2495 adjecta
908 2417 1057 2491 formula,

84 2533 168 2575 sacro
188 2515 368 2595 approbante
396 2513 522 2588 concilio,
545 2515 628 2592 quod
657 2512 764 2574 videre
793 2519 840 2574 est
866 2513 899 2572 in
922 2511 1060 2574 concilio

84 2613 287 2674 Lateranensi
306 2618 337 2675 et
357 2612 569 2692 Lugdunensi.

126 2711 260 2771 Decreta
275 2709 506 2772 subscribenda
519 2711 592 2770 sunt
614 2708 653 2769 ab
667 2706 815 2770 omnihus
828 2707 984 2768 Patribus.
1004 2709 1064 2768 Pa-

84 2811 151 2868 tres
169 2805 372 2870 subscribunt
388 2828 395 2870 :
411 2807 480 2888 Epo
500 2806 541 2869 N.
562 2803 701 2886 judicans
725 2804 892 2886 subscripsi.
909 2805 1060 2884 Theologi

84 2909 117 2965 et
146 2905 340 2977 canonistae‚
373 2910 515 2967 oratores
542 2905 687 2965 Statuum
715 2903 919 2964 subscribunt
941 2901 1061 2966 diversa

83 3001 246 3062 formula:
263 3002 332 3082 qu
352 3001 393 3064 N.
410 3001 587 3062 consentiens
605 3000 772 3082 subscripsi.

125 3099 168 3160 ll.
189 3098 327 3159 Formam
342 3097 554 3172 deliberationis
568 3097 779 3158 determinant
792 3097 908 3174 regulae
924 3095 1060 3174 duplicis

85 3195 221 3274 generis,
237 3197 306 3257 aliae
324 3194 520 3271 necessaria,
537 3195 606 3256 aliae
620 3199 744 3254 tanturn
757 3195 862 3255 utiles.

8 3363 9 3378 ἶ
127 3297 156 3353 l.
177 3293 299 3374 Repnbae
311 3293 487 3354 necessariae.
506 3292 625 3366 Primo,
643 3291 816 3370 requiritur
826 3291 942 3352 libertas
959 3291 992 3351 in
1009 3292 1060 3370 ju-

87 3389 198 3465 diciis3
216 3397 287 3453 acta
306 3391 391 3452 enim
406 3388 542 3471 pervim
563 3393 595 3449 et
614 3392 736 3450 metum
758 3389 828 3466 ipso
848 3390 919 3468 Jure
934 3393 1006 3449 sunt
1020 3388 1063 3448 ir-

8 3481 9 3492 ’
85 3485 158 3548 rita.

119 3632 155 3696 (1)
166 3637 276 3698 Borardi,
288 3635 478 3686 Commentario
493 3636 575 3700 injus
588 3635 790 3699 ecclesiasticum,
804 3636 901 3686 dissert.
918 3635 937 3684 l.
