<?xml version="1.0" encoding="UTF-8"?>
<!DOCTYPE html PUBLIC "-//W3C//DTD XHTML 1.0 Transitional//EN"
    "http://www.w3.org/TR/xhtml1/DTD/xhtml1-transitional.dtd">
<html xmlns="http://www.w3.org/1999/xhtml" xml:lang="en" lang="en">
 <head>
  <title>
</title>
<meta http-equiv="Content-Type" content="text/html;charset=utf-8" />
  <meta name='ocr-system' content='tesseract 3.04.00' />
  <meta name='ocr-capabilities' content='ocr_page ocr_carea ocr_par ocr_line ocrx_word'/>
</head>
<body>
  <div class='ocr_page' id='page_1' title='image "./expositiomethod00hugugoog_0279.png"; bbox 0 0 2620 4258; ppageno 0'>
   <div class='ocr_carea' id='block_1_1' title="bbox 201 251 1009 326">
    <p class='ocr_par' dir='ltr' id='par_1_1' title="bbox 201 251 1009 326">
     <span class='ocr_line' id='line_1_1' title="bbox 201 251 1009 326; baseline -0.001 -3"><span class='ocrx_word' id='word_1_1' title='bbox 201 279 254 326; x_wconf 74' lang='lat' dir='ltr'>We</span> <span class='ocrx_word' id='word_1_2' title='bbox 370 278 527 326; x_wconf 72' lang='lat' dir='ltr'>Exrosrrlo</span> <span class='ocrx_word' id='word_1_3' title='bbox 549 251 726 321; x_wconf 75' lang='lat' dir='ltr'>nnrnonlcn</span> <span class='ocrx_word' id='word_1_4' title='bbox 747 275 830 320; x_wconf 79' lang='lat' dir='ltr'>Jun1s</span> <span class='ocrx_word' id='word_1_5' title='bbox 853 275 1009 322; x_wconf 71' lang='lat' dir='ltr'>cenonlcl.</span> 
     </span>
    </p>
   </div>
   <div class='ocr_carea' id='block_1_2' title="bbox 195 392 1191 1821">
    <p class='ocr_par' dir='ltr' id='par_1_2' title="bbox 196 392 1191 1059">
     <span class='ocr_line' id='line_1_2' title="bbox 199 392 1191 475; baseline -0.001 -17"><span class='ocrx_word' id='word_1_6' title='bbox 199 397 342 475; x_wconf 81' lang='lat' dir='ltr'>Apostoli</span> <span class='ocrx_word' id='word_1_7' title='bbox 355 397 501 458; x_wconf 85' lang='lat' dir='ltr'>videntur</span> <span class='ocrx_word' id='word_1_8' title='bbox 512 393 686 456; x_wconf 91' lang='lat' dir='ltr'>instituisse</span> <span class='ocrx_word' id='word_1_9' title='bbox 701 394 787 454; x_wconf 86' lang='lat' dir='ltr'>velut</span> <span class='ocrx_word' id='word_1_10' title='bbox 803 392 936 456; x_wconf 84' lang='lat' dir='ltr'>vicarios</span> <span class='ocrx_word' id='word_1_11' title='bbox 961 411 1033 455; x_wconf 86' lang='lat' dir='ltr'>suos</span> <span class='ocrx_word' id='word_1_12' title='bbox 1046 394 1078 454; x_wconf 92' lang='lat' dir='ltr'>in</span> <span class='ocrx_word' id='word_1_13' title='bbox 1105 412 1191 474; x_wconf 87' lang='lat' dir='ltr'>pro·</span> 
     </span>
     <span class='ocr_line' id='line_1_3' title="bbox 197 489 1189 571; baseline -0.002 -17"><span class='ocrx_word' id='word_1_14' title='bbox 197 493 309 554; x_wconf 85' lang='lat' dir='ltr'>vinciis</span> <span class='ocrx_word' id='word_1_15' title='bbox 328 494 485 571; x_wconf 87' lang='lat' dir='ltr'>quosdam</span> <span class='ocrx_word' id='word_1_16' title='bbox 499 490 685 570; x_wconf 79' lang='lat' dir='ltr'>EpiscopoS‚</span> <span class='ocrx_word' id='word_1_17' title='bbox 698 489 752 567; x_wconf 88' lang='lat' dir='ltr'>qui</span> <span class='ocrx_word' id='word_1_18' title='bbox 767 507 832 551; x_wconf 92' lang='lat' dir='ltr'>non</span> <span class='ocrx_word' id='word_1_19' title='bbox 841 491 944 552; x_wconf 88' lang='lat' dir='ltr'>solum</span> <span class='ocrx_word' id='word_1_20' title='bbox 958 509 1022 552; x_wconf 82' lang='lat' dir='ltr'>suae</span> <span class='ocrx_word' id='word_1_21' title='bbox 1035 489 1189 554; x_wconf 69' lang='lat' dir='ltr'>dioecesis</span> 
     </span>
     <span class='ocr_line' id='line_1_4' title="bbox 196 588 1187 669; baseline 0 -18"><span class='ocrx_word' id='word_1_22' title='bbox 196 607 306 651; x_wconf 88' lang='lat' dir='ltr'>euram</span> <span class='ocrx_word' id='word_1_23' title='bbox 323 590 487 666; x_wconf 88' lang='lat' dir='ltr'>haherent,</span> <span class='ocrx_word' id='word_1_24' title='bbox 506 588 671 651; x_wconf 83' lang='lat' dir='ltr'>sedetiam</span> <span class='ocrx_word' id='word_1_25' title='bbox 686 588 755 648; x_wconf 84' lang='lat' dir='ltr'>eliis</span> <span class='ocrx_word' id='word_1_26' title='bbox 770 588 937 669; x_wconf 80' lang='lat' dir='ltr'>ldpiscopis</span> <span class='ocrx_word' id='word_1_27' title='bbox 949 589 1093 668; x_wconf 89' lang='lat' dir='ltr'>ejusdem</span> <span class='ocrx_word' id='word_1_28' title='bbox 1105 607 1187 669; x_wconf 90' lang='lat' dir='ltr'>pro-</span> 
     </span>
     <span class='ocr_line' id='line_1_5' title="bbox 197 685 1186 767; baseline -0.001 -17"><span class='ocrx_word' id='word_1_29' title='bbox 197 689 310 750; x_wconf 83' lang='lat' dir='ltr'>vinoiae</span> <span class='ocrx_word' id='word_1_30' title='bbox 324 693 506 767; x_wconf 85' lang='lat' dir='ltr'>praeessent.</span> <span class='ocrx_word' id='word_1_31' title='bbox 521 685 621 765; x_wconf 89' lang='lat' dir='ltr'>Hujus</span> <span class='ocrx_word' id='word_1_32' title='bbox 637 685 845 748; x_wconf 88' lang='lat' dir='ltr'>institutionis</span> <span class='ocrx_word' id='word_1_33' title='bbox 865 687 1049 766; x_wconf 84' lang='lat' dir='ltr'>apostolioae</span> <span class='ocrx_word' id='word_1_34' title='bbox 1075 688 1186 766; x_wconf 90' lang='lat' dir='ltr'>speci-</span> 
     </span>
     <span class='ocr_line' id='line_1_6' title="bbox 197 783 1186 864; baseline 0.001 -20"><span class='ocrx_word' id='word_1_35' title='bbox 197 801 270 846; x_wconf 86' lang='lat' dir='ltr'>men</span> <span class='ocrx_word' id='word_1_36' title='bbox 286 787 492 864; x_wconf 88' lang='lat' dir='ltr'>perspieuum</span> <span class='ocrx_word' id='word_1_37' title='bbox 520 783 649 846; x_wconf 80' lang='lat' dir='ltr'>exhibet</span> <span class='ocrx_word' id='word_1_38' title='bbox 674 784 793 845; x_wconf 86' lang='lat' dir='ltr'>lactum</span> <span class='ocrx_word' id='word_1_39' title='bbox 822 786 853 847; x_wconf 90' lang='lat' dir='ltr'>S.</span> <span class='ocrx_word' id='word_1_40' title='bbox 874 783 974 859; x_wconf 83' lang='lat' dir='ltr'>Pauli,</span> <span class='ocrx_word' id='word_1_41' title='bbox 995 785 1050 864; x_wconf 89' lang='lat' dir='ltr'>qui</span> <span class='ocrx_word' id='word_1_42' title='bbox 1072 785 1186 847; x_wconf 80' lang='lat' dir='ltr'>&#39;litum</span> 
     </span>
     <span class='ocr_line' id='line_1_7' title="bbox 196 868 1188 961; baseline 0.001 -18"><span class='ocrx_word' id='word_1_43' title='bbox 196 883 381 944; x_wconf 84' lang='lat' dir='ltr'>totiinsulee</span> <span class='ocrx_word' id='word_1_44' title='bbox 404 885 516 958; x_wconf 82' lang='lat' dir='ltr'>Cretae,</span> <span class='ocrx_word' id='word_1_45' title='bbox 544 887 576 943; x_wconf 88' lang='lat' dir='ltr'>et</span> <span class='ocrx_word' id='word_1_46' title='bbox 600 881 804 943; x_wconf 81' lang='lat' dir='ltr'>Timotheum</span> <span class='ocrx_word' id='word_1_47' title='bbox 829 881 890 943; x_wconf 90' lang='lat' dir='ltr'>toti</span> <span class='ocrx_word' id='word_1_48' title='bbox 912 868 1083 961; x_wconf 74' lang='lat' dir='ltr'>provincie</span> <span class='ocrx_word' id='word_1_49' title='bbox 1099 882 1188 944; x_wconf 82' lang='lat' dir='ltr'>Asiae</span> 
     </span>
     <span class='ocr_line' id='line_1_8' title="bbox 199 980 907 1059; baseline 0.001 -19"><span class='ocrx_word' id='word_1_50' title='bbox 199 980 349 1059; x_wconf 74' lang='lat' dir='ltr'>praefecit</span> <span class='ocrx_word' id='word_1_51' title='bbox 436 1041 439 1048; x_wconf 84' lang='grc'>,</span> <span class='ocrx_word' id='word_1_52' title='bbox 901 1044 907 1056; x_wconf 58' lang='grc'>,</span> 
     </span>
    </p>

    <p class='ocr_par' dir='ltr' id='par_1_3' title="bbox 195 1075 1190 1821">
     <span class='ocr_line' id='line_1_9' title="bbox 195 1075 1188 1156; baseline 0.002 -20"><span class='ocrx_word' id='word_1_53' title='bbox 195 1099 198 1104; x_wconf 93' lang='lat'><em>·</em></span> <span class='ocrx_word' id='word_1_54' title='bbox 239 1077 428 1156; x_wconf 79' lang='lat' dir='ltr'>Exemplum</span> <span class='ocrx_word' id='word_1_55' title='bbox 443 1075 606 1138; x_wconf 86' lang='lat' dir='ltr'>divisionis</span> <span class='ocrx_word' id='word_1_56' title='bbox 618 1075 769 1138; x_wconf 81' lang='lat' dir='ltr'>neclesiae</span> <span class='ocrx_word' id='word_1_57' title='bbox 782 1076 815 1136; x_wconf 94' lang='lat' dir='ltr'>in</span> <span class='ocrx_word' id='word_1_58' title='bbox 836 1075 1015 1154; x_wconf 85' lang='lat' dir='ltr'>provincias</span> <span class='ocrx_word' id='word_1_59' title='bbox 1032 1077 1121 1154; x_wconf 83' lang='lat' dir='ltr'>juxta</span> <span class='ocrx_word' id='word_1_60' title='bbox 1135 1078 1188 1140; x_wconf 89' lang='lat' dir='ltr'>ei·</span> 
     </span>
     <span class='ocr_line' id='line_1_10' title="bbox 199 1173 1187 1253; baseline 0.001 -20"><span class='ocrx_word' id='word_1_61' title='bbox 199 1173 293 1234; x_wconf 86' lang='lat' dir='ltr'>vilem</span> <span class='ocrx_word' id='word_1_62' title='bbox 318 1173 444 1253; x_wconf 90' lang='lat' dir='ltr'>imperii</span> <span class='ocrx_word' id='word_1_63' title='bbox 471 1173 676 1252; x_wconf 80' lang='lat' dir='ltr'>partitionem</span> <span class='ocrx_word' id='word_1_64' title='bbox 693 1189 871 1253; x_wconf 84' lang='lat' dir='ltr'>proponere</span> <span class='ocrx_word' id='word_1_65' title='bbox 897 1173 1044 1234; x_wconf 87' lang='lat' dir='ltr'>videntur</span> <span class='ocrx_word' id='word_1_66' title='bbox 1065 1175 1096 1235; x_wconf 89' lang='lat' dir='ltr'>S.</span> <span class='ocrx_word' id='word_1_67' title='bbox 1123 1175 1187 1234; x_wconf 90' lang='lat' dir='ltr'>Pe-</span> 
     </span>
     <span class='ocr_line' id='line_1_11' title="bbox 199 1269 1185 1352; baseline -0.003 -19"><span class='ocrx_word' id='word_1_68' title='bbox 199 1277 266 1333; x_wconf 89' lang='lat' dir='ltr'>trus</span> <span class='ocrx_word' id='word_1_69' title='bbox 279 1273 300 1346; x_wconf 81' lang='lat' dir='ltr'>(l</span> <span class='ocrx_word' id='word_1_70' title='bbox 314 1269 390 1352; x_wconf 64' lang='lat' dir='ltr'>Ep„</span> <span class='ocrx_word' id='word_1_71' title='bbox 407 1289 429 1344; x_wconf 90' lang='lat'>1,</span> <span class='ocrx_word' id='word_1_72' title='bbox 445 1270 486 1350; x_wconf 83' lang='lat' dir='ltr'>l),</span> <span class='ocrx_word' id='word_1_73' title='bbox 501 1273 534 1333; x_wconf 92' lang='lat' dir='ltr'>S.</span> <span class='ocrx_word' id='word_1_74' title='bbox 550 1272 688 1333; x_wconf 82' lang='lat' dir='ltr'>loannes</span> <span class='ocrx_word' id='word_1_75' title='bbox 700 1270 817 1351; x_wconf 67' lang='lat' dir='ltr'>(Apide,</span> <span class='ocrx_word' id='word_1_76' title='bbox 829 1287 851 1345; x_wconf 88' lang='lat'>1,</span> <span class='ocrx_word' id='word_1_77' title='bbox 866 1273 929 1332; x_wconf 82' lang='lat' dir='ltr'>let</span> <span class='ocrx_word' id='word_1_78' title='bbox 941 1272 1003 1347; x_wconf 79' lang='lat' dir='ltr'>ll),</span> <span class='ocrx_word' id='word_1_79' title='bbox 1019 1271 1053 1332; x_wconf 90' lang='lat' dir='ltr'>S.</span> <span class='ocrx_word' id='word_1_80' title='bbox 1066 1272 1185 1332; x_wconf 85' lang='lat' dir='ltr'>Paulus</span> 
     </span>
     <span class='ocr_line' id='line_1_12' title="bbox 200 1366 1185 1448; baseline 0.001 -19"><span class='ocrx_word' id='word_1_81' title='bbox 200 1370 278 1429; x_wconf 93' lang='lat' dir='ltr'>dum</span> <span class='ocrx_word' id='word_1_82' title='bbox 296 1369 407 1430; x_wconf 83' lang='lat' dir='ltr'>scribit</span> <span class='ocrx_word' id='word_1_83' title='bbox 420 1370 469 1430; x_wconf 84' lang='lat' dir='ltr'>rel</span> <span class='ocrx_word' id='word_1_84' title='bbox 483 1370 522 1429; x_wconf 88' lang='lat' dir='ltr'>ed</span> <span class='ocrx_word' id='word_1_85' title='bbox 541 1368 719 1446; x_wconf 86' lang='lat' dir='ltr'>provincias</span> <span class='ocrx_word' id='word_1_86' title='bbox 734 1366 837 1448; x_wconf 79' lang='lat' dir='ltr'>(Gal),</span> <span class='ocrx_word' id='word_1_87' title='bbox 861 1369 909 1428; x_wconf 90' lang='lat' dir='ltr'>vel</span> <span class='ocrx_word' id='word_1_88' title='bbox 931 1369 969 1428; x_wconf 88' lang='lat' dir='ltr'>ad</span> <span class='ocrx_word' id='word_1_89' title='bbox 988 1370 1185 1447; x_wconf 84' lang='lat' dir='ltr'>metropoles</span> 
     </span>
     <span class='ocr_line' id='line_1_13' title="bbox 200 1463 1186 1547; baseline -0.001 -21"><span class='ocrx_word' id='word_1_90' title='bbox 200 1463 361 1542; x_wconf 61' lang='lat' dir='ltr'>(Comme,</span> <span class='ocrx_word' id='word_1_91' title='bbox 376 1465 501 1547; x_wconf 79' lang='lat' dir='ltr'>Ephes,</span> <span class='ocrx_word' id='word_1_92' title='bbox 519 1464 640 1545; x_wconf 71' lang='lat' dir='ltr'>Thess),</span> <span class='ocrx_word' id='word_1_93' title='bbox 653 1467 702 1526; x_wconf 91' lang='lat' dir='ltr'>vel</span> <span class='ocrx_word' id='word_1_94' title='bbox 714 1466 754 1526; x_wconf 86' lang='lat' dir='ltr'>ad</span> <span class='ocrx_word' id='word_1_95' title='bbox 769 1467 890 1544; x_wconf 85' lang='lat' dir='ltr'>primos</span> <span class='ocrx_word' id='word_1_96' title='bbox 902 1467 1079 1546; x_wconf 82' lang='lat' dir='ltr'>Episcopos</span> <span class='ocrx_word' id='word_1_97' title='bbox 1094 1465 1186 1546; x_wconf 71' lang='lat' dir='ltr'>(Tic,</span> 
     </span>
     <span class='ocr_line' id='line_1_14' title="bbox 202 1562 1190 1644; baseline 0.001 -21"><span class='ocrx_word' id='word_1_98' title='bbox 202 1563 300 1642; x_wconf 76' lang='lat' dir='ltr'>Tim).</span> <span class='ocrx_word' id='word_1_99' title='bbox 316 1566 375 1624; x_wconf 86' lang='lat' dir='ltr'>ltes</span> <span class='ocrx_word' id='word_1_100' title='bbox 388 1563 593 1642; x_wconf 86' lang='lat' dir='ltr'>sequentibus</span> <span class='ocrx_word' id='word_1_101' title='bbox 605 1562 803 1642; x_wconf 89' lang='lat' dir='ltr'>temporibus</span> <span class='ocrx_word' id='word_1_102' title='bbox 824 1579 841 1622; x_wconf 86' lang='lat' dir='ltr'><strong>a</strong></span> <span class='ocrx_word' id='word_1_103' title='bbox 868 1563 983 1625; x_wconf 86' lang='lat' dir='ltr'>Sancte</span> <span class='ocrx_word' id='word_1_104' title='bbox 1007 1564 1089 1626; x_wconf 88' lang='lat' dir='ltr'>Sede</span> <span class='ocrx_word' id='word_1_105' title='bbox 1113 1579 1190 1644; x_wconf 88' lang='lat' dir='ltr'>per·</span> 
     </span>
     <span class='ocr_line' id='line_1_15' title="bbox 198 1660 1185 1736; baseline 0.002 -16"><span class='ocrx_word' id='word_1_106' title='bbox 198 1662 283 1723; x_wconf 84' lang='lat' dir='ltr'>lecta</span> <span class='ocrx_word' id='word_1_107' title='bbox 298 1668 360 1735; x_wconf 87' lang='lat' dir='ltr'>est;</span> <span class='ocrx_word' id='word_1_108' title='bbox 379 1661 552 1722; x_wconf 87' lang='lat' dir='ltr'>concilium</span> <span class='ocrx_word' id='word_1_109' title='bbox 572 1660 737 1722; x_wconf 80' lang='lat' dir='ltr'>Nioaennm</span> <span class='ocrx_word' id='word_1_110' title='bbox 761 1677 831 1722; x_wconf 84' lang='lat' dir='ltr'>eam</span> <span class='ocrx_word' id='word_1_111' title='bbox 854 1660 974 1722; x_wconf 86' lang='lat' dir='ltr'>invenit</span> <span class='ocrx_word' id='word_1_112' title='bbox 988 1661 1185 1736; x_wconf 87' lang='lat' dir='ltr'>institutam,</span> 
     </span>
     <span class='ocr_line' id='line_1_16' title="bbox 195 1759 801 1821; baseline 0.002 -2"><span class='ocrx_word' id='word_1_113' title='bbox 195 1765 231 1820; x_wconf 89' lang='lat' dir='ltr'>et</span> <span class='ocrx_word' id='word_1_114' title='bbox 246 1760 433 1821; x_wconf 83' lang='lat' dir='ltr'>auctoritate</span> <span class='ocrx_word' id='word_1_115' title='bbox 447 1775 502 1820; x_wconf 87' lang='lat' dir='ltr'>sua</span> <span class='ocrx_word' id='word_1_116' title='bbox 517 1759 725 1820; x_wconf 83' lang='lat' dir='ltr'>confirmavit.</span> <span class='ocrx_word' id='word_1_117' title='bbox 775 1791 777 1794; x_wconf 95' lang='lat'>·</span> <span class='ocrx_word' id='word_1_118' title='bbox 798 1787 801 1795; x_wconf 89' lang='lat'><em>.</em></span> 
     </span>
    </p>
   </div>
   <div class='ocr_carea' id='block_1_3' title="bbox 286 1968 1090 2100">
    <p class='ocr_par' dir='ltr' id='par_1_4' title="bbox 286 1968 1090 2100">
     <span class='ocr_line' id='line_1_17' title="bbox 286 1968 1090 2032; baseline 0.011 -19"><span class='ocrx_word' id='word_1_119' title='bbox 286 1968 399 2025; x_wconf 77' lang='lat' dir='ltr'>ansrro</span> <span class='ocrx_word' id='word_1_120' title='bbox 414 1970 437 2017; x_wconf 75' lang='lat'>2.</span> <span class='ocrx_word' id='word_1_121' title='bbox 449 1993 481 2004; x_wconf 97' lang='lat'><em>-</em></span> <span class='ocrx_word' id='word_1_122' title='bbox 494 1969 558 2016; x_wconf 79' lang='lat' dir='ltr'>June</span> <span class='ocrx_word' id='word_1_123' title='bbox 570 1981 601 2016; x_wconf 81' lang='lat' dir='ltr'>rr</span> <span class='ocrx_word' id='word_1_124' title='bbox 613 1981 721 2018; x_wconf 80' lang='lat' dir='ltr'>insieme</span> <span class='ocrx_word' id='word_1_125' title='bbox 735 1981 949 2032; x_wconf 78' lang='lat' dir='ltr'>rnrnrencnsnuu,</span> <span class='ocrx_word' id='word_1_126' title='bbox 963 1985 1090 2022; x_wconf 77' lang='lat' dir='ltr'>rnrunruu</span> 
     </span>
     <span class='ocr_line' id='line_1_18' title="bbox 551 2060 825 2100; baseline 0.018 -6"><span class='ocrx_word' id='word_1_127' title='bbox 551 2060 581 2096; x_wconf 82' lang='lat' dir='ltr'>rr</span> <span class='ocrx_word' id='word_1_128' title='bbox 593 2060 825 2100; x_wconf 80' lang='lat' dir='ltr'>nrnrnorourrrnuu.</span> 
     </span>
    </p>
   </div>
   <div class='ocr_carea' id='block_1_4' title="bbox 235 2201 555 2358">
    <p class='ocr_par' dir='ltr' id='par_1_5' title="bbox 235 2201 555 2358">
     <span class='ocr_line' id='line_1_19' title="bbox 235 2201 525 2268; baseline 0.014 -16"><span class='ocrx_word' id='word_1_129' title='bbox 235 2201 257 2252; x_wconf 92' lang='lat'>1.</span> <span class='ocrx_word' id='word_1_130' title='bbox 273 2201 469 2268; x_wconf 78' lang='lat' dir='ltr'>EorumJ&#39;ure.</span> <span class='ocrx_word' id='word_1_131' title='bbox 522 2218 525 2224; x_wconf 92' lang='lat'>·</span> 
     </span>
     <span class='ocr_line' id='line_1_20' title="bbox 237 2287 555 2358; baseline 0.013 -18"><span class='ocrx_word' id='word_1_132' title='bbox 237 2287 271 2342; x_wconf 92' lang='lat' dir='ltr'>ll.</span> <span class='ocrx_word' id='word_1_133' title='bbox 287 2287 406 2344; x_wconf 90' lang='lat' dir='ltr'>lllorum</span> <span class='ocrx_word' id='word_1_134' title='bbox 416 2287 555 2358; x_wconf 83' lang='lat' dir='ltr'>insignio.</span> 
     </span>
    </p>
   </div>
   <div class='ocr_carea' id='block_1_5' title="bbox 536 2478 843 2543">
    <p class='ocr_par' dir='ltr' id='par_1_6' title="bbox 536 2478 843 2543">
     <span class='ocr_line' id='line_1_21' title="bbox 536 2478 843 2543; baseline 0.016 -17"><span class='ocrx_word' id='word_1_135' title='bbox 536 2478 558 2526; x_wconf 85' lang='lat'>1.</span> <span class='ocrx_word' id='word_1_136' title='bbox 575 2503 605 2514; x_wconf 90' lang='lat'>-</span> <span class='ocrx_word' id='word_1_137' title='bbox 617 2479 718 2528; x_wconf 85' lang='lat' dir='ltr'>illorum</span> <span class='ocrx_word' id='word_1_138' title='bbox 726 2480 785 2541; x_wconf 77' lang='lat' dir='ltr'>jure</span> <span class='ocrx_word' id='word_1_139' title='bbox 800 2481 843 2543; x_wconf 83' lang='lat'><em>(1).</em></span> 
     </span>
    </p>
   </div>
   <div class='ocr_carea' id='block_1_6' title="bbox 186 2643 1187 3496">
    <p class='ocr_par' dir='ltr' id='par_1_7' title="bbox 186 2643 1187 3496">
     <span class='ocr_line' id='line_1_22' title="bbox 239 2643 1187 2724; baseline 0.004 -20"><span class='ocrx_word' id='word_1_140' title='bbox 239 2643 434 2706; x_wconf 80' lang='lat' dir='ltr'>Generaliter</span> <span class='ocrx_word' id='word_1_141' title='bbox 456 2645 772 2711; x_wconf 85' lang='lat' dir='ltr'>animadvertendum</span> <span class='ocrx_word' id='word_1_142' title='bbox 797 2653 855 2724; x_wconf 85' lang='lat' dir='ltr'>est,</span> <span class='ocrx_word' id='word_1_143' title='bbox 882 2649 961 2710; x_wconf 93' lang='lat' dir='ltr'>illud</span> <span class='ocrx_word' id='word_1_144' title='bbox 986 2653 1114 2710; x_wconf 86' lang='lat' dir='ltr'>tantum</span> <span class='ocrx_word' id='word_1_145' title='bbox 1139 2648 1187 2710; x_wconf 92' lang='lat' dir='ltr'>eis</span> 
     </span>
     <span class='ocr_line' id='line_1_23' title="bbox 198 2744 1185 2825; baseline 0.008 -25"><span class='ocrx_word' id='word_1_146' title='bbox 198 2747 392 2819; x_wconf 82' lang='lat' dir='ltr'>competere,</span> <span class='ocrx_word' id='word_1_147' title='bbox 411 2744 496 2820; x_wconf 88' lang='lat' dir='ltr'>quod</span> <span class='ocrx_word' id='word_1_148' title='bbox 511 2744 608 2806; x_wconf 85' lang='lat' dir='ltr'>fuerit</span> <span class='ocrx_word' id='word_1_149' title='bbox 620 2762 766 2825; x_wconf 88' lang='lat' dir='ltr'>expresse</span> <span class='ocrx_word' id='word_1_150' title='bbox 779 2763 977 2822; x_wconf 87' lang='lat' dir='ltr'>concessum,</span> <span class='ocrx_word' id='word_1_151' title='bbox 992 2748 1072 2808; x_wconf 83' lang='lat' dir='ltr'>adeo</span> <span class='ocrx_word' id='word_1_152' title='bbox 1085 2751 1122 2808; x_wconf 87' lang='lat' dir='ltr'>ut</span> <span class='ocrx_word' id='word_1_153' title='bbox 1143 2747 1185 2808; x_wconf 86' lang='lat' dir='ltr'>de</span> 
     </span>
     <span class='ocr_line' id='line_1_24' title="bbox 198 2839 1183 2924; baseline 0.004 -24"><span class='ocrx_word' id='word_1_154' title='bbox 198 2844 284 2900; x_wconf 83' lang='lat' dir='ltr'>certa</span> <span class='ocrx_word' id='word_1_155' title='bbox 296 2839 375 2918; x_wconf 89' lang='lat' dir='ltr'>juris</span> <span class='ocrx_word' id='word_1_156' title='bbox 400 2841 506 2918; x_wconf 86' lang='lat' dir='ltr'>speeie</span> <span class='ocrx_word' id='word_1_157' title='bbox 531 2844 726 2918; x_wconf 84' lang='lat' dir='ltr'>contendens</span> <span class='ocrx_word' id='word_1_158' title='bbox 745 2845 1011 2924; x_wconf 85' lang='lat' dir='ltr'>Archiepiseopus</span> <span class='ocrx_word' id='word_1_159' title='bbox 1032 2845 1183 2909; x_wconf 85' lang='lat' dir='ltr'>adversus</span> 
     </span>
     <span class='ocr_line' id='line_1_25' title="bbox 197 2936 1187 3027; baseline 0.008 -31"><span class='ocrx_word' id='word_1_160' title='bbox 197 2937 391 3027; x_wconf 81' lang='lat' dir='ltr'>Episcopum</span> <span class='ocrx_word' id='word_1_161' title='bbox 406 2936 439 2998; x_wconf 94' lang='lat' dir='ltr'>in</span> <span class='ocrx_word' id='word_1_162' title='bbox 454 2954 487 3000; x_wconf 88' lang='lat' dir='ltr'>se</span> <span class='ocrx_word' id='word_1_163' title='bbox 503 2941 653 3020; x_wconf 84' lang='lat' dir='ltr'>suscipiat</span> <span class='ocrx_word' id='word_1_164' title='bbox 678 2960 758 3006; x_wconf 86' lang='lat' dir='ltr'>onus</span> <span class='ocrx_word' id='word_1_165' title='bbox 780 2943 989 3022; x_wconf 86' lang='lat' dir='ltr'>probationis.</span> <span class='ocrx_word' id='word_1_166' title='bbox 1017 2943 1118 3021; x_wconf 85' lang='lat' dir='ltr'>Hujus</span> <span class='ocrx_word' id='word_1_167' title='bbox 1133 2959 1187 3004; x_wconf 89' lang='lat' dir='ltr'>re·</span> 
     </span>
     <span class='ocr_line' id='line_1_26' title="bbox 196 3038 1183 3120; baseline 0 -22"><span class='ocrx_word' id='word_1_168' title='bbox 196 3039 277 3115; x_wconf 83' lang='lat' dir='ltr'>gulae</span> <span class='ocrx_word' id='word_1_169' title='bbox 293 3038 374 3100; x_wconf 81' lang='lat' dir='ltr'>ratio</span> <span class='ocrx_word' id='word_1_170' title='bbox 388 3038 472 3114; x_wconf 88' lang='lat' dir='ltr'>ineo</span> <span class='ocrx_word' id='word_1_171' title='bbox 487 3039 590 3116; x_wconf 87' lang='lat' dir='ltr'>posite</span> <span class='ocrx_word' id='word_1_172' title='bbox 611 3045 669 3116; x_wconf 86' lang='lat' dir='ltr'>est,</span> <span class='ocrx_word' id='word_1_173' title='bbox 692 3041 778 3120; x_wconf 90' lang='lat' dir='ltr'>quod</span> <span class='ocrx_word' id='word_1_174' title='bbox 793 3041 943 3120; x_wconf 80' lang='lat' dir='ltr'>Episcopi</span> <span class='ocrx_word' id='word_1_175' title='bbox 968 3055 1080 3102; x_wconf 90' lang='lat' dir='ltr'>omnes</span> <span class='ocrx_word' id='word_1_176' title='bbox 1100 3039 1183 3100; x_wconf 80' lang='lat' dir='ltr'>infra</span> 
     </span>
     <span class='ocr_line' id='line_1_27' title="bbox 198 3135 1185 3218; baseline 0.002 -22"><span class='ocrx_word' id='word_1_177' title='bbox 198 3135 366 3197; x_wconf 90' lang='lat' dir='ltr'>Summum</span> <span class='ocrx_word' id='word_1_178' title='bbox 382 3137 570 3200; x_wconf 89' lang='lat' dir='ltr'>Pontificem</span> <span class='ocrx_word' id='word_1_179' title='bbox 595 3138 758 3200; x_wconf 88' lang='lat' dir='ltr'>constituti</span> <span class='ocrx_word' id='word_1_180' title='bbox 775 3139 805 3199; x_wconf 92' lang='lat' dir='ltr'>vi</span> <span class='ocrx_word' id='word_1_181' title='bbox 827 3157 891 3200; x_wconf 83' lang='lat' dir='ltr'>suec</span> <span class='ocrx_word' id='word_1_182' title='bbox 916 3138 1077 3218; x_wconf 76' lang='lat' dir='ltr'>dignitatis</span> <span class='ocrx_word' id='word_1_183' title='bbox 1091 3153 1185 3216; x_wconf 84' lang='lat' dir='ltr'>pares</span> 
     </span>
     <span class='ocr_line' id='line_1_28' title="bbox 196 3230 1181 3315; baseline 0.004 -25"><span class='ocrx_word' id='word_1_184' title='bbox 196 3230 270 3304; x_wconf 89' lang='lat' dir='ltr'>sint,</span> <span class='ocrx_word' id='word_1_185' title='bbox 285 3250 343 3296; x_wconf 86' lang='lat' dir='ltr'>neo</span> <span class='ocrx_word' id='word_1_186' title='bbox 357 3235 449 3296; x_wconf 80' lang='lat' dir='ltr'>elteri</span> <span class='ocrx_word' id='word_1_187' title='bbox 462 3233 555 3296; x_wconf 91' lang='lat' dir='ltr'>detur</span> <span class='ocrx_word' id='word_1_188' title='bbox 573 3235 739 3314; x_wconf 85' lang='lat' dir='ltr'>singularis</span> <span class='ocrx_word' id='word_1_189' title='bbox 754 3236 963 3315; x_wconf 66' lang='lat' dir='ltr'>prerogativa</span> <span class='ocrx_word' id='word_1_190' title='bbox 980 3236 1012 3296; x_wconf 92' lang='lat' dir='ltr'>in</span> <span class='ocrx_word' id='word_1_191' title='bbox 1032 3237 1181 3307; x_wconf 80' lang='lat' dir='ltr'>alterum,</span> 
     </span>
     <span class='ocr_line' id='line_1_29' title="bbox 196 3328 1186 3412; baseline 0.004 -22"><span class='ocrx_word' id='word_1_192' title='bbox 196 3328 258 3390; x_wconf 91' lang='lat' dir='ltr'>nisi</span> <span class='ocrx_word' id='word_1_193' title='bbox 271 3329 340 3392; x_wconf 75' lang='lat' dir='ltr'>hee</span> <span class='ocrx_word' id='word_1_194' title='bbox 353 3333 512 3396; x_wconf 86' lang='lat' dir='ltr'>derivetur</span> <span class='ocrx_word' id='word_1_195' title='bbox 522 3333 562 3394; x_wconf 80' lang='lat' dir='ltr'>ab</span> <span class='ocrx_word' id='word_1_196' title='bbox 572 3334 761 3396; x_wconf 80' lang='lat' dir='ltr'>auctoritate</span> <span class='ocrx_word' id='word_1_197' title='bbox 773 3334 864 3396; x_wconf 91' lang='lat' dir='ltr'>Sedis</span> <span class='ocrx_word' id='word_1_198' title='bbox 877 3335 1081 3412; x_wconf 80' lang='lat' dir='ltr'>Apostolicae.</span> <span class='ocrx_word' id='word_1_199' title='bbox 1092 3334 1186 3396; x_wconf 87' lang='lat' dir='ltr'>Unde</span> 
     </span>
     <span class='ocr_line' id='line_1_30' title="bbox 186 3425 1185 3496; baseline 0.006 -10"><span class='ocrx_word' id='word_1_200' title='bbox 186 3425 240 3486; x_wconf 83' lang='lat' dir='ltr'>¹ait</span> <span class='ocrx_word' id='word_1_201' title='bbox 264 3427 469 3490; x_wconf 89' lang='lat' dir='ltr'>Innocentius</span> <span class='ocrx_word' id='word_1_202' title='bbox 492 3433 551 3494; x_wconf 88' lang='lat'>111:</span> <span class='ocrx_word' id='word_1_203' title='bbox 592 3452 606 3489; x_wconf 81' lang='lat' dir='ltr'>r</span> <span class='ocrx_word' id='word_1_204' title='bbox 629 3431 784 3494; x_wconf 83' lang='lat' dir='ltr'>Primetes</span> <span class='ocrx_word' id='word_1_205' title='bbox 809 3434 857 3496; x_wconf 88' lang='lat' dir='ltr'>vel</span> <span class='ocrx_word' id='word_1_206' title='bbox 887 3433 1077 3496; x_wconf 83' lang='lat' dir='ltr'>Petriarchae</span> <span class='ocrx_word' id='word_1_207' title='bbox 1103 3431 1185 3494; x_wconf 87' lang='lat' dir='ltr'>nihil</span> 
     </span>
    </p>
   </div>
   <div class='ocr_carea' id='block_1_7' title="bbox 230 3610 1128 3688">
    <p class='ocr_par' dir='ltr' id='par_1_8' title="bbox 230 3610 1128 3688">
     <span class='ocr_line' id='line_1_31' title="bbox 230 3610 1128 3688; baseline 0.01 -33"><span class='ocrx_word' id='word_1_208' title='bbox 230 3610 264 3668; x_wconf 79' lang='lat' dir='ltr'>(l)</span> <span class='ocrx_word' id='word_1_209' title='bbox 275 3611 386 3688; x_wconf 76' lang='lat' dir='ltr'>Bercrdi,</span> <span class='ocrx_word' id='word_1_210' title='bbox 400 3610 586 3663; x_wconf 78' lang='lat' dir='ltr'>Commentario</span> <span class='ocrx_word' id='word_1_211' title='bbox 602 3615 627 3663; x_wconf 82' lang='lat' dir='ltr'>in</span> <span class='ocrx_word' id='word_1_212' title='bbox 638 3615 686 3678; x_wconf 80' lang='lat' dir='ltr'>jus</span> <span class='ocrx_word' id='word_1_213' title='bbox 699 3613 904 3677; x_wconf 80' lang='lat' dir='ltr'>ecclesiasticum,</span> <span class='ocrx_word' id='word_1_214' title='bbox 915 3623 934 3666; x_wconf 83' lang='lat' dir='ltr'>t.</span> <span class='ocrx_word' id='word_1_215' title='bbox 950 3617 969 3676; x_wconf 76' lang='grc' dir='ltr'>Ι,</span> <span class='ocrx_word' id='word_1_216' title='bbox 984 3617 1083 3666; x_wconf 82' lang='lat' dir='ltr'>dissert.</span> <span class='ocrx_word' id='word_1_217' title='bbox 1102 3620 1128 3667; x_wconf 84' lang='grc'>3.</span> 
     </span>
    </p>
   </div>
   <div class='ocr_carea' id='block_1_8' title="bbox 0 0 1314 4258">
    <p class='ocr_par' dir='ltr' id='par_1_9' title="bbox 0 0 1314 4258">
     <span class='ocr_line' id='line_1_32' title="bbox 0 0 1314 4258; baseline 0 1"><span class='ocrx_word' id='word_1_218' title='bbox 0 0 1314 4258; x_wconf 95' lang='lat' dir='ltr'> </span> 
     </span>
    </p>
   </div>
  </div>
 </body>
</html>
