2620 4258
452 276 526 320 PARS
547 275 711 322 srhclalls.
1015 277 1065 326 etl

98 393 222 454 tionem.
238 393 307 453 lmo
328 391 450 472 legibus
462 389 706 470 particularibus
721 393 812 454 multi
829 393 938 456 vicarii
951 392 1069 474 J'uhen·

98 495 227 550 turcum
242 489 382 568 parocho
395 487 551 550 habitare.

135 587 171 648 ll.
183 585 552 648 larisdictzolsieoriorom.
561 587 659 648 -lld
670 588 843 650 audiendas
857 588 1068 651 confessiones

96 702 153 762 pro
165 689 232 746 tota
244 683 372 746 dioecesi
387 683 604 764 approbantur
620 702 627 744 ε
645 682 718 745 ideo
731 689 864 762 possunt
875 687 943 748 illas
957 687 1066 748 audire

99 769 162 842 sine
175 781 389 859 parochorum
398 781 537 844 licentia.

135 879 182 940 Ad
200 883 329 940 oaetaras
352 879 530 942 functiones
555 879 641 956 quod
662 878 785 954 attinet,
808 879 942 942 vicarius
966 881 1029 942 sive
1052 898 1070 940 a

95 975 245 1054 parocho,
268 976 332 1037 sive
347 975 386 1036 ah
408 976 477 1054 ipso
489 974 650 1054 Episcopo
672 975 713 1037 sit
737 978 936 1054 constitutus,
961 995 1070 1040 curam

96 1077 219 1134 exercet
230 1073 360 1134 nomine
373 1072 505 1152 parochi
517 1077 548 1134 et
561 1072 660 1132 instar
671 1072 782 1152 ipsius.
791 1077 869 1136 (lum
881 1075 909 1135 ei
924 1075 1070 1137 commit·

95 1177 175 1234 tatur
190 1171 224 1230 in
242 1189 356 1250 genere
374 1171 607 1234 administratio
620 1179 903 1248 sacramentorum,
921 1173 1070 1234 manifes-

94 1274 161 1330 tum
185 1273 231 1330 est
252 1269 342 1329 illum
364 1269 403 1329 ad
419 1269 688 1330 universalitatem
708 1285 875 1330 causarum
890 1269 1069 1346 delegatum

95 1383 170 1428 esse.
190 1367 267 1428 Inde
293 1365 426 1427 infertur
450 1366 586 1428 vicarios
610 1366 706 1428 etiam
730 1365 939 1428 matrimoniis
967 1363 1069 1425 valide

95 1464 250 1539 assistere,
265 1467 297 1524 et
311 1463 518 1541 subdelegare
533 1481 641 1541 posse.

130 1563 183 1622 ΙΙΙ.
202 1559 309 1643 Mutua
321 1559 425 1619 relatio
436 1559 561 1640 parochi
570 1569 599 1620 et
614 1558 721 1622 vicarii
730 1579 795 1622 non
813 1566 880 1622 tam
889 1559 960 1638 jure
975 1572 1070 1636 quam

92 1657 246 1719 charitate
263 1655 402 1716 ordinari
417 1657 525 1718 debet.
578 1682 579 1685 ¹
710 1659 713 1668 '

129 1758 200 1816 Duo
214 1753 417 1832 potissimum
438 1760 511 1816 sunt
534 1756 639 1817 officia
650 1753 849 1816 vicariorum.
863 1751 1006 1812 Primum
1023 1756 1071 1814 est

93 1852 216 1932 altipeta
236 1850 397 1912 subsidium
414 1851 448 1912 in
470 1869 546 1913 cura
568 1853 764 1926 animarum3
784 1851 868 1929 quod
890 1849 934 1911 sic
954 1847 1073 1910 intelli-

93 1951 195 2028 gitur,
221 1954 256 2010 ut
281 1949 437 2027 parochus
469 1949 568 2028 possit
593 1965 719 2028 semper
743 1963 961 2026 quoscumque
983 1949 1072 2008 actus

94 2047 317 2108 ministeriales
333 2047 357 2106 si
373 2047 458 2122 velit,
476 2047 507 2106 in
521 2063 658 2125 persona
671 2061 831 2124 peragere.

132 2145 276 2206 Alterum
289 2139 431 2206 officium
447 2148 494 2205 est
508 2142 676 2218 obedientia,
692 2159 754 2221 qua
767 2159 832 2203 non
845 2157 998 2216 seorsum,
1016 2140 1071 2200 sed

96 2239 291 2320 conjunctim
318 2258 391 2302 eum
413 2240 554 2318 parocho
572 2255 683 2300 curam
708 2238 887 2299 animarum
911 2233 1070 2299 eieroent.

96 2339 296 2400 Meminerint
323 2337 441 2424 vicarii,
465 2353 498 2398 se
522 2336 691 2398 inferiores.
712 2351 778 2396 esse
804 2341 835 2396 et
861 2333 1073 2422 parochorum

98 2436 267 2514 discipulos
280 2436 334 2514 (l).
360 2437 363 2445 '
528 2421 530 2426 ⁵

424 2631 701 2724 nissuimrro
727 2654 758 2721 n

292 2849 335 2892 DE
361 2849 646 2896 JURISDIGTIONE
673 2845 898 2894 COLLEGIALL

130 3009 221 3064 Carus
236 3009 256 3064 l.
279 3010 320 3064 lle
333 3009 479 3066 Consiliis.

131 3097 222 3154 Carne
236 3099 270 3154 ll.
285 3099 324 3154 lle
339 3099 472 3170 Collegiis
487 3099 672 3156 elericorum.

127 3283 161 3343 (l)
175 3281 294 3332 Analecta
306 3281 369 3342 juris
383 3279 502 3342 pontificii
520 3293 527 3327 a
544 3277 630 3330 fratte
641 3277 684 3326 des
695 3275 800 3326 vicaires
814 3273 981 3338 parcissima.
