2604 4270
273 321 303 365 lv
560 377 566 388 „
676 315 842 361 thrnrto.
872 352 875 358 .

272 461 384 546 Neque
407 455 562 524 omnihus
588 455 709 542 placuit
730 455 949 545 quorumdam
968 426 1142 525 methodus
1166 479 1176 528 ι
1203 460 1255 526 vel

273 605 362 672 enim
373 602 591 692 praejudicatis
604 603 675 691 plus
688 624 780 691 aequo
793 602 1003 672 indulserunt
1015 603 1228 692 opinionibus
1242 623 1251 690 ;

271 747 322 816 vel
336 767 500 815 canonum
513 745 684 814 scientiam
696 767 714 814 a
727 745 888 833 theologia
900 745 989 814 haud
1001 746 1079 814 satis
1089 743 1255 814 discrimi-

271 897 353 959 nant
367 889 493 959 deleetu
506 909 620 958 rerum
632 896 690 957 aut
703 897 976 976 argumentorum
989 907 1132 977 genere3
1149 888 1200 956 vel
1212 885 1256 954 de

271 1029 441 1121 principiis
454 1031 662 1119 generalibus
676 1029 881 1100 stabiliendis
895 1050 1014 1119 parum
1028 1028 1169 1118 solliciti,
1183 1051 1254 1098 non

273 1173 432 1261 explicant
442 1170 498 1262 jus
509 1193 570 1262 per
582 1175 726 1262 regulas,
742 1173 800 1244 sed
812 1173 944 1242 cumulo
960 1171 1178 1263 quaestionum
1195 1181 1256 1240 aut

273 1317 358 1386 mole
371 1313 563 1385 citationum
578 1317 742 1403 legentem
763 1315 918 1406 fatigant3
937 1317 986 1387 vel
1007 1316 1140 1385 demum
1161 1313 1257 1382 arbi-

34 1535 46 1557 ·
157 1558 162 1567 ἱ
272 1459 373 1529 trario
387 1459 448 1528 sub
463 1467 611 1548 respectu
628 1459 831 1530 distribuunt
850 1461 1011 1529 elementa
1028 1459 1126 1548 juris,
1147 1459 1194 1527 ita
1215 1467 1257 1526 ut

273 1602 448 1708 notionum
462 1623 564 1672 nexus
580 1601 633 1672 vix
654 1611 817 1692 appareat,
835 1623 942 1692 neque
954 1603 1123 1692 permultae
1134 1609 1257 1670 tracta-

273 1746 378 1817 tiones
389 1746 425 1815 in
437 1766 544 1814 unum
556 1765 673 1833 corpus
685 1745 891 1832 redigantur.
962 1785 965 1791 ·

317 1891 494 1979 Nunquam
515 1888 751 1958 exhauriantur
763 1889 867 1978 modi,
883 1886 1003 1978 quibus
1022 1887 1064 1957 ad
1081 1887 1256 1960 veritatem

273 2032 475 2104 accedamus.
494 2023 572 2112 Quae
587 2051 662 2100 curn
677 2031 722 2101 ite
743 2053 777 2102 se
799 2030 955 2120 habeant,
970 2031 1255 2120 quemadmodum

274 2185 359 2248 artes
372 2174 529 2246 laudabili
542 2173 730 2245 inventione
744 2175 881 2244 ulterius
892 2174 1161 2266 progrediuntur,
1177 2178 1255 2265 pari

274 2321 404 2393 solertia
416 2319 627 2409 scriptoribus
644 2320 862 2390 annitendum
880 2327 941 2408 est,
955 2329 993 2390 ut
1007 2315 1139 2391 clericis*
1147 2320 1256 2411 juris·

273 2463 456 2556 prudentiae
476 2463 612 2534 addictis
634 2471 752 2553 presto
767 2463 835 2533 sint
852 2463 978 2555 majora
992 2463 1177 2534 studiorum
1192 2465 1258 2534 ad-

268 2609 433 2700 jumenta.
469 2605 659 2713 Ingenium.
676 2607 787 2677 Galliae
815 2607 993 2678 delectatur
1021 2609 1257 2700 perspicuitate

271 2752 409 2822 ordinis.
426 2750 478 2820 Ad
487 2748 670 2839 superanda
682 2747 917 2840 impedimenta
930 2771 1003 2840 quae
1014 2751 1134 2821 nostris
1146 2751 1182 2819 in
1196 2771 1257 2822 re-

271 2889 426 2984 gionibus
451 2892 659 2982 disciplinam
676 2913 842 2963 canonum
858 2893 1085 2984 circumstant,
1101 2892 1257 2963 studium

269 3035 355 3124 juris
380 3033 586 3107 ecelesiastici
618 3036 772 3105 methodo
805 3032 981 3110 scientifica
1007 3034 1259 3108 instituendum

273 3199 357 3266 esse,
373 3178 478 3250 clerus
488 3175 644 3249 lubenter
661 3179 844 3268 profitetur.

319 3319 364 3391 II.
382 3321 417 3390 Si
429 3343 542 3391 rerum
562 3321 755 3410 magistram
770 3317 1004 3410 experientiam
1023 3323 1254 3408 consulamus,

275 3461 392 3555 aptiori
411 3462 537 3534 ratione
552 3463 690 3555 proponi
709 3471 814 3554 potest
833 3463 951 3534 modus
964 3463 1112 3536 discendi
1122 3464 1180 3555 jus
1195 3488 1259 3538 ea·
1291 3433 1292 3444 ἵ

275 3603 444 3674 nonieum.
476 3603 522 3672 Eo
546 3603 652 3674 tendit
679 3604 857 3694 depositio
888 3602 1084 3676 methodica.
1115 3605 1260 3679 Utinam
