2588 4272
250 254 303 305 ΗΟ
404 251 561 300 uxrosmo
582 251 759 300 nonomen
780 251 864 328 JORIS
886 250 1044 300 donemur.

249 386 365 450 nempe
376 370 470 432 unius
481 369 555 432 fidei
569 369 735 448 professio,
755 370 942 432 eorumdem
956 372 1233 432 sacramentorum

250 488 335 546 usus,
351 473 383 532 et
395 469 435 530 ad
448 467 607 547 legitimos
621 469 767 529 Pastores
780 466 937 546 subjectio
952 467 1006 547 (i).

287 568 324 629 ll.
338 567 459 647 Duplex
478 563 654 626 hierarchia.
672 597 713 609 —
726 566 805 626 Gom
820 563 919 626 iidem
934 567 1091 642 PastoreS,
1110 581 1232 644 nempe

245 663 394 728 Summus
408 663 553 723 Pontifex
567 667 599 722 et
611 661 771 741 Episcopi,
785 662 1004 742 magisterium
1019 662 1112 724 simul
1124 667 1156 724 et
1166 662 1235 724 im-

244 761 370 842 perium
383 765 561 834 exerceant,
575 759 649 820 ideo
669 759 875 839 distinguitur
888 766 1010 822 tanturn
1025 761 1142 840 duplex
1155 761 1233 823 hie·

244 856 379 933 rarehia,
410 855 534 918 seilicet
555 855 675 917 ordinis
697 861 728 918 et
749 855 990 935 jurisdictionis,
1014 857 1100 937 apud
1129 876 1232 938 quam

243 960 384 1032 potestas
398 953 612 1017 ecelesiastica
625 954 744 1016 residet
761 952 816 1034 (2).

278 1087 432 1144 Tucrnrns
445 1088 467 1143 1.
490 1089 529 1144 Oe
543 1086 711 1144 Hierarchia
725 1087 849 1146 Ordinis.

277 1177 432 1233 insereres
445 1177 479 1232 ΙΙ.
491 1178 530 1234 De
543 1177 711 1234 Hierorchia
722 1176 946 1238 iurisdictionis.

577 1392 842 1468 TRACTATUS
873 1396 887 1466 1

509 1563 557 1616 De
575 1562 783 1617 Hierarehia
800 1564 950 1619 ordinis.

278 1719 450 1777 Orssnnrnno
465 1722 487 1776 1.
519 1720 559 1775 De
573 1721 715 1791 potestate
725 1719 839 1777 Ordinis
849 1724 878 1777 et
891 1721 1055 1780 diversitate
1068 1725 1228 1784 ordinum.

277 1809 449 1866 Orssnnrnno
462 1810 496 1864 ll.
521 1807 560 1863 Oe
572 1823 689 1864 accessu
699 1808 736 1864 ad
748 1809 878 1866 Ordines.

277 1895 451 1950 Drssrnrnrro
464 1897 509 1951 iii.
522 1897 561 1952 Oe
570 1894 688 1986 juribus
701 1899 730 1954 et
742 1896 968 1968 obligationibus
981 1901 1170 1962 clericorum.

573 2105 849 2180 DISSERTATIO
873 2111 887 2180 I

317 2287 356 2330 DE
377 2284 549 2333 Ponnsrnn‘n
568 2285 688 2332 onustus
710 2287 749 2331 ET
769 2288 973 2334 ulvunsirnrn
995 2290 1145 2342 ounlnuu.

275 2434 364 2490 canor
378 2435 401 2492 1.
428 2437 555 2493 Potestas
566 2436 681 2494 Ordinis
692 2438 724 2495 in
738 2437 856 2528 genere.

274 2525 364 2581 Carur
378 2525 414 2583 11.
427 2525 579 2584 Diversitns
594 2527 747 2588 Ordinum.

644 2727 773 2790 CAPUT
793 2727 826 2791 1·

452 2874 606 2926 Peterin·
621 2875 759 2928 Ordinis
772 2879 809 2927 in
824 2893 944 2942 genere
958 2880 1008 2945 (3).

274 3025 298 3086 1.
314 3022 455 3107 Definitio
470 3025 599 3090 Ordine.
613 3030 806 3093 -Potestas
820 3031 947 3094 Ordinis
968 3038 1017 3097 est
1033 3031 1085 3096 ille
1099 3054 1160 3119 quo
1172 3059 1221 3101 sa·

230 3277 241 3327 ι
260 3200 424 3328 t(OdPhillips,
446 3205 485 3255 Du
499 3205 569 3257 droit
588 3208 771 3276 ecclesiamque
791 3209 858 3265 door
877 3229 916 3266 ses
931 3218 1058 3284 principes
1071 3221 1218 3288 pererraret,
1278 3293 1282 3361 {

243 3292 298 3328 nro
317 3284 409 3333 aetion.
570 3308 572 3314 ·

261 3353 440 3448 (annun,
454 3362 710 3434 restitutionesjurn
722 3370 827 3435 prorsa,
849 3387 875 3436 μ.
901 3377 926 3425 a.
953 3401 984 3412 -
1007 3377 1145 3444 zellinga,
1168 3384 1217 3433 us
1279 3369 1281 3461 Ι

228 3434 423 3488 eecleszastteum
436 3441 574 3504 publicum,
588 3461 645 3508 cap.
664 3461 688 3497 v.
1279 3473 1280 3486 ³

262 3515 298 3580 (³)
310 3517 401 3579 Soglia,
418 3519 594 3573 Institutr'oner
602 3527 675 3590 juris
690 3527 786 3591 publici
796 3531 966 3598 ecclesiastae,
989 3549 1047 3600 pars
1073 3537 1107 3602 11,
1124 3541 1169 3592 lib.
1191 3543 1213 3606 1,
1278 3491 1280 3582 d

227 3603 285 3653 eep.
304 3607 322 3644 r.
338 3598 477 3661 -Oerotl,
489 3601 675 3655 Institutionum
686 3608 731 3659 lib.
751 3611 771 3672 1,
783 3611 826 3663 tit.
842 3616 867 3664 2.
1278 3583 1279 3665 d
