2626 4258
222 262 278 312 188
398 256 555 310 ΕΧΡΟΒῙΤῙΟ
572 259 752 334 'neruorum
773 259 856 306 lueis
878 261 1034 308 cadorum.

220 380 374 461 ligionem
386 381 421 442 in
441 381 551 444 Galliis
564 379 800 442 instaurandam
821 379 951 460 plurimi
972 383 1152 458 interesset,
1166 387 1203 444 ut

219 478 789 542 citiusahsolvereturEcclesiarumet
799 479 1012 564 capitulorum
1021 479 1197 544 ordinatio.

260 578 378 640 Verum
395 579 481 658 quod
506 577 646 640 decrevit
659 579 794 656 negatus
819 578 859 639 de
881 579 1118 642 successoribus
1133 579 1200 659 pri·

221 692 349 738 morum
362 677 607 756 Episcoporum‚
625 674 751 736 videtur
764 673 1007 754 intelligendum
1020 679 1059 740 de
1069 694 1199 740 succes-

218 774 344 838 soribus
363 774 526 854 proximis.
542 773 671 836 Etenim
683 772 904 836 concessiones
923 793 940 834 a
950 775 1020 854 jure
1030 777 1197 849 communi

218 871 433 934 exorbitantes
448 872 556 934 stricte
580 870 828 950 interpretandae
844 875 930 946 sunt3
958 873 1044 950 atqui
1060 875 1198 954 Legatus
1308 927 1309 930 ,

219 988 284 1032 non
307 970 408 1032 dixit:
432 968 639 1032 successoribus
658 969 688 1028 tn
704 976 894 1050 perpetuum.
913 971 1070 1050 Equidem
1094 972 1195 1034 voluit

219 1067 412 1128 ordinationi
427 1069 639 1147 capitulorum
655 1067 721 1128 sine
741 1085 831 1128 mora
843 1068 1029 1148 providere;
1053 1070 1195 1130 adhunc

218 1166 315 1228 linem
329 1165 451 1228 licitum
466 1165 525 1228 luit
536 1165 701 1244 Episcopis
723 1165 867 1244 proxime
882 1166 1124 1229 succedentibus
1143 1185 1197 1230 ne-

218 1262 370 1326 cessarias
385 1263 577 1326 mutationes
589 1261 750 1325 inducere.
768 1266 984 1342 Legatusvero
997 1283 1061 1326 non
1082 1266 1194 1328 debuit

218 1379 322 1440 neque
335 1362 441 1441 potuit
451 1361 532 1441 juris
545 1361 725 1423 communis
745 1361 977 1424 observantiam
990 1363 1148 1442 impedire
1160 1363 1194 1425 in
1292 1411 1295 1419 .

217 1465 418 1540 perpetuum.

169 1628 170 1631 Ἴ
255 1559 351 1620 Juxta
367 1559 449 1621 hanc
465 1557 666 1631 sententiam,
689 1558 875 1638 capitulari
898 1559 1082 1622 concordati
1108 1579 1193 1624 anno

216 1659 295 1718 4802
315 1657 471 1728 instituta,
487 1655 582 1716 bodie
593 1656 657 1735 juri
674 1655 835 1717 communi
849 1650 1070 1733 subjiciuntur,
1084 1659 1191 1736 quoad

214 1759 406 1834 potestatem
423 1753 614 1816 conficiendi
643 1758 674 1814 et
688 1753 830 1814 mutandi
856 1757 971 1814 statuta
989 1755 1188 1832 capitularia.

251 1855 280 1914 2.
301 1855 338 1914 ln
352 1853 502 1914 Ecclesiis
517 1870 600 1914 anno
619 1851 832 1925 sumersetis,
857 1869 951 1912 omne
964 1853 1013 1932 jus
1028 1855 1190 1916 condendi

213 1955 330 2012 statuta
345 1951 558 2030 capitulorum
573 1950 740 2029 Episcopis
760 1947 799 2009 ab
818 1950 1004 2026 Apostolica
1017 1951 1098 2014 Sede
1114 1971 1192 2015 con-

213 2064 339 2108 cessum
353 2054 412 2109 est.
425 2045 581 2126 Equidem
594 2047 627 2106 in
641 2048 836 2108 concordato
849 2047 922 2107 anni
940 2050 1029 2123 l8l7‚
1044 2049 1119 2112 Pius
1135 2053 1191 2113 Vll

214 2147 343 2208 mandat
359 2143 525 2224 Episcopis
550 2165 563 2201 o
574 2148 611 2206 ut
630 2161 647 2204 a
661 2144 792 2222 singulis
805 2141 1032 2208 canonicorum
1046 2149 1190 2228 collegiis

213 2249 328 2306 statuta
343 2243 471 2305 decerni
487 2248 608 2313 curent,
627 2241 752 2321 sibique
770 2243 935 2322 probanda
947 2245 1086 2323 proponi
1103 2247 1184 2327 (1).»

213 2341 330 2402 Verum
345 2345 381 2402 ut
395 2357 444 2401 res
460 2339 637 2418 expeditius
651 2341 867 2418 perficeretur,
879 2341 1028 2402 Summus
1042 2345 1189 2406 Pontifex

213 2457 296 2500 anno
317 2442 394 2502 1822
409 2439 537 2500 statuit:
554 2439 725 2518 «Episcopi
739 2458 797 2519 pro
813 2440 943 2518 singulis
961 2443 1188 2504 canonicorum

212 2538 357 2617 collegiis
375 2543 492 2600 statuta
513 2537 698 2612 decernent,
713 2543 745 2599 et
762 2537 801 2599 ab
830 2538 906 2616 ipsis
925 2537 1085 2601 observari
1098 2558 1189 2602 cura-

212 2635 293 2697 bunt
307 2637 363 2717 (2)
381 2660 395 2696 a

249 2736 285 2796 In
303 2735 353 2796 his
368 2735 511 2797 ecclesiis
529 2738 644 2796 statuta
658 2734 871 2814 capitulorum
895 2737 1011 2800 mutari
1024 2745 1188 2818 nequeunt

210 2833 271 2894 nisi
286 2834 372 2913 juxta
394 2834 447 2912 jus
462 2849 643 2896 commune.
662 2835 740 2894 Nam
761 2832 835 2894 Pius
855 2836 915 2897 'VII
938 2836 1002 2916 juri
1021 2840 1184 2900 communi

209 2933 372 3014 derogavit
390 2937 514 2994 tantum
535 2937 640 3012 quoad
655 2940 846 2998 statutorum
863 2937 1119 3013 conlectionem
1136 2957 1185 3000 ve·

208 3049 280 3094 rum
295 3031 380 3092 circa
400 3029 530 3091 illorum
552 3033 762 3096 mutationem
777 3035 900 3094 nullum
924 3031 975 3110 jus
994 3033 1184 3110 particulare

208 3129 374 3209 Episcopis
388 3130 625 3192 successoribus
639 3131 826 3192 attributum
841 3134 899 3191 est.

247 3229 283 3287 ll.
312 3224 501 3287 Statutorcm
528 3227 644 3288 recisio.
661 3259 701 3274 -
718 3232 745 3290 l.
763 3228 811 3290 Ad
827 3227 916 3289 illam
939 3230 1126 3307 proceditur
1149 3231 1181 3292 in

207 3328 294 3386 huno
309 3325 415 3400 linem,
430 3331 466 3386 ut
490 3329 606 3387 statuta
619 3327 829 3407 capitulorum
840 3327 879 3387 ad
892 3344 1022 3388 normas
1032 3328 1112 3408 juris
1132 3346 1183 3391 ca·

207 3421 315 3485 nonioi
330 3423 534 3484 reducantur.

246 3523 276 3580 ἓ.
306 3517 455 3596 Episcopi
470 3521 651 3596 Galliarum,
675 3522 863 3584 revisionem
890 3509 1046 3603 ejusmodi
1072 3542 1183 3606 aggre-

239 3646 274 3709 (1)
283 3649 355 3696 Bulla
369 3646 508 3738 Commetare
518 3650 649 3702 diuinitus.
667 3651 744 3718 -(t)
757 3655 827 3704 Eulla
839 3656 954 3706 Patemoe
966 3655 1083 3718 pretatis.
