<?xml version="1.0" encoding="UTF-8"?>
<!DOCTYPE html PUBLIC "-//W3C//DTD XHTML 1.0 Transitional//EN"
    "http://www.w3.org/TR/xhtml1/DTD/xhtml1-transitional.dtd">
<html xmlns="http://www.w3.org/1999/xhtml" xml:lang="en" lang="en">
 <head>
  <title>
</title>
<meta http-equiv="Content-Type" content="text/html;charset=utf-8" />
  <meta name='ocr-system' content='tesseract 3.04.00' />
  <meta name='ocr-capabilities' content='ocr_page ocr_carea ocr_par ocr_line ocrx_word'/>
</head>
<body>
  <div class='ocr_page' id='page_1' title='image "./expositiomethod00hugugoog_0211.png"; bbox 0 0 2630 4250; ppageno 0'>
   <div class='ocr_carea' id='block_1_1' title="bbox 257 301 1060 354">
    <p class='ocr_par' dir='ltr' id='par_1_1' title="bbox 257 301 1060 354">
     <span class='ocr_line' id='line_1_1' title="bbox 257 301 1060 354; baseline -0.005 0"><span class='ocrx_word' id='word_1_1' title='bbox 257 304 311 354; x_wconf 70' lang='grc'>176</span> <span class='ocrx_word' id='word_1_2' title='bbox 424 301 581 350; x_wconf 78' lang='lat' dir='ltr'>exroslmo</span> <span class='ocrx_word' id='word_1_3' title='bbox 602 301 779 350; x_wconf 69' lang='lat' dir='ltr'>Mardonius</span> <span class='ocrx_word' id='word_1_4' title='bbox 799 303 883 350; x_wconf 77' lang='lat' dir='ltr'>rums</span> <span class='ocrx_word' id='word_1_5' title='bbox 905 303 1060 350; x_wconf 72' lang='lat' dir='ltr'>canorum.</span> 
     </span>
    </p>
   </div>
   <div class='ocr_carea' id='block_1_2' title="bbox 201 419 1284 1388">
    <p class='ocr_par' dir='ltr' id='par_1_2' title="bbox 257 419 1219 897">
     <span class='ocr_line' id='line_1_2' title="bbox 295 419 1217 516; baseline -0.007 -28"><span class='ocrx_word' id='word_1_6' title='bbox 295 422 441 504; x_wconf 87' lang='lat' dir='ltr'>Denique</span> <span class='ocrx_word' id='word_1_7' title='bbox 454 422 581 486; x_wconf 85' lang='lat' dir='ltr'>ordines</span> <span class='ocrx_word' id='word_1_8' title='bbox 597 419 747 516; x_wconf 71' lang='lat' dir='ltr'>qradatim</span> <span class='ocrx_word' id='word_1_9' title='bbox 761 421 946 486; x_wconf 82' lang='lat' dir='ltr'>conterendi</span> <span class='ocrx_word' id='word_1_10' title='bbox 969 425 1041 484; x_wconf 92' lang='lat' dir='ltr'>sunt</span> <span class='ocrx_word' id='word_1_11' title='bbox 1053 419 1092 484; x_wconf 90' lang='lat' dir='ltr'>ab</span> <span class='ocrx_word' id='word_1_12' title='bbox 1102 421 1217 484; x_wconf 85' lang='lat' dir='ltr'>interio-</span> 
     </span>
     <span class='ocr_line' id='line_1_3' title="bbox 257 521 1218 602; baseline -0.001 -19"><span class='ocrx_word' id='word_1_13' title='bbox 257 521 345 584; x_wconf 88' lang='lat' dir='ltr'>ribus</span> <span class='ocrx_word' id='word_1_14' title='bbox 360 523 399 583; x_wconf 92' lang='lat' dir='ltr'>ad</span> <span class='ocrx_word' id='word_1_15' title='bbox 421 522 600 602; x_wconf 84' lang='lat' dir='ltr'><strong>superiores</strong></span> <span class='ocrx_word' id='word_1_16' title='bbox 620 521 866 600; x_wconf 84' lang='lat' dir='ltr'>progrediendo.</span> <span class='ocrx_word' id='word_1_17' title='bbox 889 521 925 584; x_wconf 87' lang='lat' dir='ltr'>Si</span> <span class='ocrx_word' id='word_1_18' title='bbox 943 521 1014 600; x_wconf 91' lang='lat' dir='ltr'>quis</span> <span class='ocrx_word' id='word_1_19' title='bbox 1036 537 1092 602; x_wconf 87' lang='lat' dir='ltr'>per</span> <span class='ocrx_word' id='word_1_20' title='bbox 1118 521 1218 582; x_wconf 88' lang='lat' dir='ltr'>saltum</span> 
     </span>
     <span class='ocr_line' id='line_1_4' title="bbox 258 617 1219 700; baseline -0.006 -16"><span class='ocrx_word' id='word_1_21' title='bbox 258 621 435 696; x_wconf 83' lang='lat' dir='ltr'>ordinetur,</span> <span class='ocrx_word' id='word_1_22' title='bbox 447 621 527 682; x_wconf 91' lang='lat' dir='ltr'>ordo</span> <span class='ocrx_word' id='word_1_23' title='bbox 540 619 771 699; x_wconf 72' lang='lat' dir='ltr'>pretermissus</span> <span class='ocrx_word' id='word_1_24' title='bbox 786 620 926 700; x_wconf 88' lang='lat' dir='ltr'>suppleri</span> <span class='ocrx_word' id='word_1_25' title='bbox 950 619 1063 694; x_wconf 81' lang='lat' dir='ltr'>debet3</span> <span class='ocrx_word' id='word_1_26' title='bbox 1079 619 1132 680; x_wconf 89' lang='lat' dir='ltr'>sed</span> <span class='ocrx_word' id='word_1_27' title='bbox 1148 617 1219 678; x_wconf 90' lang='lat' dir='ltr'>illius</span> 
     </span>
     <span class='ocr_line' id='line_1_5' title="bbox 259 716 1219 804; baseline -0.004 -24"><span class='ocrx_word' id='word_1_28' title='bbox 259 719 429 794; x_wconf 88' lang='lat' dir='ltr'>ordinatio,</span> <span class='ocrx_word' id='word_1_29' title='bbox 453 718 529 780; x_wconf 88' lang='lat' dir='ltr'>licet</span> <span class='ocrx_word' id='word_1_30' title='bbox 551 717 592 778; x_wconf 91' lang='lat' dir='ltr'>sit</span> <span class='ocrx_word' id='word_1_31' title='bbox 615 716 736 793; x_wconf 84' lang='lat' dir='ltr'>illicita,</span> <span class='ocrx_word' id='word_1_32' title='bbox 765 721 872 778; x_wconf 88' lang='lat' dir='ltr'>tamen</span> <span class='ocrx_word' id='word_1_33' title='bbox 891 717 994 804; x_wconf 88' lang='lat' dir='ltr'>valida</span> <span class='ocrx_word' id='word_1_34' title='bbox 1017 721 1076 793; x_wconf 88' lang='lat' dir='ltr'>est,</span> <span class='ocrx_word' id='word_1_35' title='bbox 1102 719 1219 794; x_wconf 82' lang='lat' dir='ltr'>excepto</span> 
     </span>
     <span class='ocr_line' id='line_1_6' title="bbox 261 815 1036 897; baseline -0.004 -18"><span class='ocrx_word' id='word_1_36' title='bbox 261 819 448 897; x_wconf 88' lang='lat' dir='ltr'>episcopatu</span> <span class='ocrx_word' id='word_1_37' title='bbox 458 816 483 876; x_wconf 93' lang='lat' dir='ltr'>si</span> <span class='ocrx_word' id='word_1_38' title='bbox 498 815 732 895; x_wconf 88' lang='lat' dir='ltr'>presbyteratus</span> <span class='ocrx_word' id='word_1_39' title='bbox 740 816 1011 893; x_wconf 83' lang='lat' dir='ltr'>praetermittatur.</span> <span class='ocrx_word' id='word_1_40' title='bbox 1034 883 1036 888; x_wconf 82' lang='lat'><em>.</em></span> 
     </span>
    </p>

    <p class='ocr_par' dir='ltr' id='par_1_3' title="bbox 201 911 1284 1388">
     <span class='ocr_line' id='line_1_7' title="bbox 298 911 1220 994; baseline -0.005 -17"><span class='ocrx_word' id='word_1_41' title='bbox 298 911 1220 994; x_wconf 78' lang='lat' dir='ltr'>IV.Loeusordiootzboissitl⁰proprius‚scuindioecesiordi·</span> 
     </span>
     <span class='ocr_line' id='line_1_8' title="bbox 201 1010 1219 1092; baseline -0.005 -17"><span class='ocrx_word' id='word_1_42' title='bbox 201 1015 204 1022; x_wconf 84' lang='lat'>&#39;</span> <span class='ocrx_word' id='word_1_43' title='bbox 259 1013 378 1076; x_wconf 87' lang='lat' dir='ltr'>natoris</span> <span class='ocrx_word' id='word_1_44' title='bbox 396 1013 572 1092; x_wconf 80' lang='lat' dir='ltr'>positus-</span> <span class='ocrx_word' id='word_1_45' title='bbox 583 1016 614 1073; x_wconf 75' lang='lat'>2⁰</span> <span class='ocrx_word' id='word_1_46' title='bbox 627 1010 719 1072; x_wconf 81' lang='lat' dir='ltr'>Sacer</span> <span class='ocrx_word' id='word_1_47' title='bbox 736 1029 789 1076; x_wconf 91' lang='lat' dir='ltr'>seu</span> <span class='ocrx_word' id='word_1_48' title='bbox 805 1013 961 1088; x_wconf 79' lang='lat' dir='ltr'>Ecclesia3</span> <span class='ocrx_word' id='word_1_49' title='bbox 976 1013 1009 1073; x_wconf 93' lang='lat' dir='ltr'>id</span> <span class='ocrx_word' id='word_1_50' title='bbox 1021 1013 1112 1074; x_wconf 84' lang='lat' dir='ltr'>decet</span> <span class='ocrx_word' id='word_1_51' title='bbox 1124 1011 1219 1072; x_wconf 90' lang='lat' dir='ltr'>saltem</span> 
     </span>
     <span class='ocr_line' id='line_1_9' title="bbox 263 1107 1220 1190; baseline -0.002 -20"><span class='ocrx_word' id='word_1_52' title='bbox 263 1127 322 1190; x_wconf 87' lang='lat' dir='ltr'>pro</span> <span class='ocrx_word' id='word_1_53' title='bbox 337 1107 510 1188; x_wconf 87' lang='lat' dir='ltr'>majoribus</span> <span class='ocrx_word' id='word_1_54' title='bbox 525 1107 710 1182; x_wconf 88' lang='lat' dir='ltr'>ordinibus;</span> <span class='ocrx_word' id='word_1_55' title='bbox 725 1109 866 1172; x_wconf 87' lang='lat' dir='ltr'>minores</span> <span class='ocrx_word' id='word_1_56' title='bbox 879 1126 954 1170; x_wconf 90' lang='lat' dir='ltr'>vero</span> <span class='ocrx_word' id='word_1_57' title='bbox 968 1108 1096 1170; x_wconf 87' lang='lat' dir='ltr'>ordines</span> <span class='ocrx_word' id='word_1_58' title='bbox 1107 1125 1166 1170; x_wconf 92' lang='lat' dir='ltr'>non</span> <span class='ocrx_word' id='word_1_59' title='bbox 1180 1124 1220 1168; x_wconf 88' lang='lat' dir='ltr'>so·</span> 
     </span>
     <span class='ocr_line' id='line_1_10' title="bbox 255 1207 1220 1284; baseline -0.004 -14"><span class='ocrx_word' id='word_1_60' title='bbox 255 1207 366 1270; x_wconf 91' lang='lat' dir='ltr'>lumin</span> <span class='ocrx_word' id='word_1_61' title='bbox 380 1207 532 1280; x_wconf 77' lang='lat' dir='ltr'>Ecclesia,</span> <span class='ocrx_word' id='word_1_62' title='bbox 550 1223 659 1268; x_wconf 90' lang='lat' dir='ltr'>verum</span> <span class='ocrx_word' id='word_1_63' title='bbox 674 1207 768 1268; x_wconf 89' lang='lat' dir='ltr'>etiam</span> <span class='ocrx_word' id='word_1_64' title='bbox 791 1207 824 1268; x_wconf 93' lang='lat' dir='ltr'>in</span> <span class='ocrx_word' id='word_1_65' title='bbox 846 1207 986 1270; x_wconf 88' lang='lat' dir='ltr'>oratorio</span> <span class='ocrx_word' id='word_1_66' title='bbox 1007 1207 1143 1270; x_wconf 79' lang='lat' dir='ltr'>conferri</span> <span class='ocrx_word' id='word_1_67' title='bbox 1158 1223 1220 1284; x_wconf 85' lang='lat' dir='ltr'>pos-</span> 
     </span>
     <span class='ocr_line' id='line_1_11' title="bbox 257 1303 1284 1388; baseline -0.006 -20"><span class='ocrx_word' id='word_1_68' title='bbox 257 1309 343 1368; x_wconf 86' lang='lat' dir='ltr'>sunt.</span> <span class='ocrx_word' id='word_1_69' title='bbox 356 1336 395 1353; x_wconf 89' lang='lat'><em>-</em></span> <span class='ocrx_word' id='word_1_70' title='bbox 410 1306 441 1364; x_wconf 80' lang='lat'>3⁰</span> <span class='ocrx_word' id='word_1_71' title='bbox 459 1303 611 1380; x_wconf 79' lang='lat' dir='ltr'>Publicus,</span> <span class='ocrx_word' id='word_1_72' title='bbox 630 1321 720 1366; x_wconf 89' lang='lat' dir='ltr'>secus</span> <span class='ocrx_word' id='word_1_73' title='bbox 732 1305 847 1366; x_wconf 82' lang='lat' dir='ltr'>frustra</span> <span class='ocrx_word' id='word_1_74' title='bbox 863 1307 955 1388; x_wconf 85' lang='lat' dir='ltr'>fieret</span> <span class='ocrx_word' id='word_1_75' title='bbox 978 1321 1111 1366; x_wconf 84' lang='lat' dir='ltr'>examen</span> <span class='ocrx_word' id='word_1_76' title='bbox 1129 1303 1220 1382; x_wconf 86' lang='lat' dir='ltr'>publi·</span> <span class='ocrx_word' id='word_1_77' title='bbox 1283 1375 1284 1384; x_wconf 8' lang='grc' dir='ltr'>ἵ</span> 
     </span>
    </p>
   </div>
   <div class='ocr_carea' id='block_1_3' title="bbox 179 1403 1284 1876">
    <p class='ocr_par' dir='ltr' id='par_1_4' title="bbox 179 1403 1284 1876">
     <span class='ocr_line' id='line_1_12' title="bbox 256 1403 1284 1469; baseline 0.002 -3"><span class='ocrx_word' id='word_1_78' title='bbox 256 1421 351 1466; x_wconf 89' lang='lat' dir='ltr'>cum:</span> <span class='ocrx_word' id='word_1_79' title='bbox 376 1423 390 1460; x_wconf 82' lang='lat' dir='ltr'>u</span> <span class='ocrx_word' id='word_1_80' title='bbox 411 1403 632 1467; x_wconf 82' lang='lat' dir='ltr'>Ordinationes</span> <span class='ocrx_word' id='word_1_81' title='bbox 649 1421 813 1468; x_wconf 83' lang='lat' dir='ltr'>sacrorum</span> <span class='ocrx_word' id='word_1_82' title='bbox 835 1405 987 1469; x_wconf 77' lang='lat' dir='ltr'>ordinum</span> <span class='ocrx_word' id='word_1_83' title='bbox 1010 1403 1045 1464; x_wconf 91' lang='lat' dir='ltr'>in</span> <span class='ocrx_word' id='word_1_84' title='bbox 1061 1403 1219 1466; x_wconf 78' lang='lat' dir='ltr'>cathedrali</span> <span class='ocrx_word' id='word_1_85' title='bbox 1283 1423 1284 1468; x_wconf 80' lang='lat' dir='ltr'>l</span> 
     </span>
     <span class='ocr_line' id='line_1_13' title="bbox 256 1499 1218 1582; baseline -0.005 -18"><span class='ocrx_word' id='word_1_86' title='bbox 256 1500 410 1578; x_wconf 80' lang='lat' dir='ltr'>Ecclesia,</span> <span class='ocrx_word' id='word_1_87' title='bbox 439 1501 557 1562; x_wconf 89' lang='lat' dir='ltr'>vocatis</span> <span class='ocrx_word' id='word_1_88' title='bbox 587 1501 860 1582; x_wconf 85' lang='lat' dir='ltr'>praesentibusque</span> <span class='ocrx_word' id='word_1_89' title='bbox 885 1501 1039 1564; x_wconf 74' lang='lat' dir='ltr'>Ecclesiae</span> <span class='ocrx_word' id='word_1_90' title='bbox 1062 1499 1218 1575; x_wconf 87' lang='lat' dir='ltr'>canonicis,</span> 
     </span>
     <span class='ocr_line' id='line_1_14' title="bbox 256 1593 1284 1682; baseline 0 -22"><span class='ocrx_word' id='word_1_91' title='bbox 256 1600 386 1680; x_wconf 88' lang='lat' dir='ltr'>publice</span> <span class='ocrx_word' id='word_1_92' title='bbox 412 1599 627 1675; x_wconf 79' lang='lat' dir='ltr'>celebrentur3</span> <span class='ocrx_word' id='word_1_93' title='bbox 654 1600 680 1661; x_wconf 93' lang='lat' dir='ltr'>si</span> <span class='ocrx_word' id='word_1_94' title='bbox 702 1606 810 1662; x_wconf 89' lang='lat' dir='ltr'>autem</span> <span class='ocrx_word' id='word_1_95' title='bbox 830 1601 864 1682; x_wconf 85' lang='lat' dir='ltr'>in</span> <span class='ocrx_word' id='word_1_96' title='bbox 888 1601 951 1663; x_wconf 93' lang='lat' dir='ltr'>alio</span> <span class='ocrx_word' id='word_1_97' title='bbox 975 1599 1122 1664; x_wconf 86' lang='lat' dir='ltr'>dioecesis</span> <span class='ocrx_word' id='word_1_98' title='bbox 1148 1601 1218 1674; x_wconf 89' lang='lat' dir='ltr'>loco,</span> <span class='ocrx_word' id='word_1_99' title='bbox 1283 1593 1284 1640; x_wconf 67' lang='grc' dir='ltr'>ἶ</span> 
     </span>
     <span class='ocr_line' id='line_1_15' title="bbox 257 1697 1219 1780; baseline 0 -23"><span class='ocrx_word' id='word_1_100' title='bbox 257 1701 413 1775; x_wconf 76' lang='lat' dir='ltr'>prasente</span> <span class='ocrx_word' id='word_1_101' title='bbox 426 1697 512 1759; x_wconf 89' lang='lat' dir='ltr'>clero</span> <span class='ocrx_word' id='word_1_102' title='bbox 524 1698 598 1774; x_wconf 89' lang='lat' dir='ltr'>loci,</span> <span class='ocrx_word' id='word_1_103' title='bbox 618 1698 756 1776; x_wconf 85' lang='lat' dir='ltr'>dignior,</span> <span class='ocrx_word' id='word_1_104' title='bbox 778 1703 933 1780; x_wconf 87' lang='lat' dir='ltr'>quantum</span> <span class='ocrx_word' id='word_1_105' title='bbox 945 1698 1014 1759; x_wconf 88' lang='lat' dir='ltr'>fieri</span> <span class='ocrx_word' id='word_1_106' title='bbox 1029 1697 1155 1776; x_wconf 86' lang='lat' dir='ltr'>poterit,</span> <span class='ocrx_word' id='word_1_107' title='bbox 1173 1697 1219 1757; x_wconf 83' lang='lat' dir='ltr'>Ec·</span> 
     </span>
     <span class='ocr_line' id='line_1_16' title="bbox 179 1783 733 1876; baseline 0 -21"><span class='ocrx_word' id='word_1_108' title='bbox 179 1783 182 1792; x_wconf 54' lang='lat'><em>⁴</em></span> <span class='ocrx_word' id='word_1_109' title='bbox 256 1794 354 1855; x_wconf 87' lang='lat' dir='ltr'>clesia</span> <span class='ocrx_word' id='word_1_110' title='bbox 368 1810 494 1873; x_wconf 87' lang='lat' dir='ltr'>semper</span> <span class='ocrx_word' id='word_1_111' title='bbox 508 1796 639 1856; x_wconf 89' lang='lat' dir='ltr'>adeatur</span> <span class='ocrx_word' id='word_1_112' title='bbox 654 1797 706 1876; x_wconf 89' lang='lat' dir='ltr'>(l).</span> <span class='ocrx_word' id='word_1_113' title='bbox 719 1817 733 1855; x_wconf 84' lang='lat' dir='ltr'>n</span> 
     </span>
    </p>
   </div>
   <div class='ocr_carea' id='block_1_4' title="bbox 572 2020 920 2092">
    <p class='ocr_par' dir='ltr' id='par_1_5' title="bbox 572 2020 920 2092">
     <span class='ocr_line' id='line_1_17' title="bbox 572 2020 920 2092; baseline 0.017 -6"><span class='ocrx_word' id='word_1_114' title='bbox 572 2020 848 2090; x_wconf 81' lang='lat' dir='ltr'>DISSERTATIO</span> <span class='ocrx_word' id='word_1_115' title='bbox 873 2023 920 2092; x_wconf 92' lang='lat' dir='ltr'>III</span> 
     </span>
    </p>
   </div>
   <div class='ocr_carea' id='block_1_5' title="bbox 329 2155 1113 2242">
    <p class='ocr_par' dir='ltr' id='par_1_6' title="bbox 329 2155 1113 2242">
     <span class='ocr_line' id='line_1_18' title="bbox 329 2155 1113 2242; baseline 0.006 -7"><span class='ocrx_word' id='word_1_116' title='bbox 329 2155 339 2168; x_wconf 52' lang='grc'>”</span> <span class='ocrx_word' id='word_1_117' title='bbox 379 2189 417 2236; x_wconf 83' lang='lat' dir='ltr'>nn</span> <span class='ocrx_word' id='word_1_118' title='bbox 437 2189 560 2237; x_wconf 79' lang='lat' dir='ltr'>suerrus</span> <span class='ocrx_word' id='word_1_119' title='bbox 582 2191 620 2236; x_wconf 85' lang='lat' dir='ltr'>ar</span> <span class='ocrx_word' id='word_1_120' title='bbox 641 2180 890 2241; x_wconf 75' lang='lat' dir='ltr'>osnrcarronraus</span> <span class='ocrx_word' id='word_1_121' title='bbox 912 2193 1113 2242; x_wconf 81' lang='lat' dir='ltr'>omnrcoaou.</span> 
     </span>
    </p>
   </div>
   <div class='ocr_carea' id='block_1_6' title="bbox 259 2320 1219 2506">
    <p class='ocr_par' dir='ltr' id='par_1_7' title="bbox 259 2320 1219 2506">
     <span class='ocr_line' id='line_1_19' title="bbox 296 2320 1219 2428; baseline -0.002 -20"><span class='ocrx_word' id='word_1_122' title='bbox 296 2347 415 2408; x_wconf 86' lang='lat' dir='ltr'>luraet</span> <span class='ocrx_word' id='word_1_123' title='bbox 430 2343 639 2426; x_wconf 83' lang='lat' dir='ltr'>obligationes</span> <span class='ocrx_word' id='word_1_124' title='bbox 660 2347 852 2410; x_wconf 88' lang='lat' dir='ltr'>clericorum</span> <span class='ocrx_word' id='word_1_125' title='bbox 876 2347 996 2428; x_wconf 85' lang='lat' dir='ltr'>duplici</span> <span class='ocrx_word' id='word_1_126' title='bbox 1024 2320 1120 2412; x_wconf 86' lang='lat' dir='ltr'>modo</span> <span class='ocrx_word' id='word_1_127' title='bbox 1140 2360 1219 2425; x_wconf 84' lang='lat' dir='ltr'>spec-</span> 
     </span>
     <span class='ocr_line' id='line_1_20' title="bbox 259 2447 389 2506; baseline -0.015 0"><span class='ocrx_word' id='word_1_128' title='bbox 259 2447 366 2506; x_wconf 88' lang='lat' dir='ltr'>tantur</span> <span class='ocrx_word' id='word_1_129' title='bbox 381 2462 389 2505; x_wconf 74' lang='grc' dir='ltr'><strong><em>ε</em></strong></span> 
     </span>
    </p>
   </div>
   <div class='ocr_carea' id='block_1_7' title="bbox 294 2575 825 2752">
    <p class='ocr_par' dir='ltr' id='par_1_8' title="bbox 294 2575 825 2752">
     <span class='ocr_line' id='line_1_21' title="bbox 294 2575 736 2636; baseline 0.009 -4"><span class='ocrx_word' id='word_1_130' title='bbox 294 2578 318 2632; x_wconf 89' lang='grc' dir='ltr'>Ι.</span> <span class='ocrx_word' id='word_1_131' title='bbox 343 2575 464 2632; x_wconf 86' lang='lat' dir='ltr'>Ratione</span> <span class='ocrx_word' id='word_1_132' title='bbox 479 2579 569 2634; x_wconf 87' lang='lat' dir='ltr'>status</span> <span class='ocrx_word' id='word_1_133' title='bbox 585 2576 736 2636; x_wconf 82' lang='lat' dir='ltr'>clericalis.</span> 
     </span>
     <span class='ocr_line' id='line_1_22' title="bbox 295 2663 825 2752; baseline 0.009 -33"><span class='ocrx_word' id='word_1_134' title='bbox 295 2663 328 2720; x_wconf 90' lang='lat' dir='ltr'>ll.</span> <span class='ocrx_word' id='word_1_135' title='bbox 345 2664 467 2722; x_wconf 86' lang='lat' dir='ltr'>Ratione</span> <span class='ocrx_word' id='word_1_136' title='bbox 481 2663 654 2724; x_wconf 85' lang='lat' dir='ltr'>diversitatis</span> <span class='ocrx_word' id='word_1_137' title='bbox 669 2665 825 2752; x_wconf 85' lang='lat' dir='ltr'>graduum.</span> 
     </span>
    </p>
   </div>
   <div class='ocr_carea' id='block_1_8' title="bbox 664 2863 933 2926">
    <p class='ocr_par' dir='ltr' id='par_1_9' title="bbox 664 2863 933 2926">
     <span class='ocr_line' id='line_1_23' title="bbox 664 2863 933 2926; baseline -0.007 -2"><span class='ocrx_word' id='word_1_138' title='bbox 664 2863 793 2924; x_wconf 84' lang='lat' dir='ltr'><strong>CAPUT</strong></span> <span class='ocrx_word' id='word_1_139' title='bbox 816 2864 830 2926; x_wconf 87' lang='lat'>1</span> <span class='ocrx_word' id='word_1_140' title='bbox 931 2917 933 2922; x_wconf 83' lang='lat'><em>.</em></span> 
     </span>
    </p>
   </div>
   <div class='ocr_carea' id='block_1_9' title="bbox 395 2978 1085 3074">
    <p class='ocr_par' dir='ltr' id='par_1_10' title="bbox 395 2978 1085 3074">
     <span class='ocr_line' id='line_1_24' title="bbox 395 2978 1085 3074; baseline 0.012 -14"><span class='ocrx_word' id='word_1_141' title='bbox 395 3009 494 3060; x_wconf 60' lang='lat' dir='ltr'>‘lura</span> <span class='ocrx_word' id='word_1_142' title='bbox 505 3011 540 3060; x_wconf 83' lang='lat' dir='ltr'>et</span> <span class='ocrx_word' id='word_1_143' title='bbox 553 3010 771 3074; x_wconf 69' lang='lat' dir='ltr'>obligatione·</span> <span class='ocrx_word' id='word_1_144' title='bbox 784 3012 891 3064; x_wconf 70' lang='lat' dir='ltr'>&#39;statu</span> <span class='ocrx_word' id='word_1_145' title='bbox 905 2978 1085 3068; x_wconf 72' lang='lat' dir='ltr'>clericalia.</span> 
     </span>
    </p>
   </div>
   <div class='ocr_carea' id='block_1_10' title="bbox 260 3161 1219 3564">
    <p class='ocr_par' dir='ltr' id='par_1_11' title="bbox 260 3161 1219 3338">
     <span class='ocr_line' id='line_1_25' title="bbox 295 3161 1219 3250; baseline 0.001 -26"><span class='ocrx_word' id='word_1_146' title='bbox 295 3161 458 3226; x_wconf 85' lang='lat' dir='ltr'>Distinctis</span> <span class='ocrx_word' id='word_1_147' title='bbox 472 3162 615 3225; x_wconf 90' lang='lat' dir='ltr'>articulis</span> <span class='ocrx_word' id='word_1_148' title='bbox 630 3163 871 3230; x_wconf 85' lang='lat' dir='ltr'>considerantur</span> <span class='ocrx_word' id='word_1_149' title='bbox 890 3169 1031 3248; x_wconf 89' lang='lat' dir='ltr'>primum</span> <span class='ocrx_word' id='word_1_150' title='bbox 1049 3170 1130 3250; x_wconf 89' lang='lat' dir='ltr'>jura,</span> <span class='ocrx_word' id='word_1_151' title='bbox 1155 3163 1219 3228; x_wconf 88' lang='lat' dir='ltr'>delo</span> 
     </span>
     <span class='ocr_line' id='line_1_26' title="bbox 260 3257 684 3338; baseline 0.009 -18"><span class='ocrx_word' id='word_1_152' title='bbox 260 3257 471 3338; x_wconf 82' lang='lat' dir='ltr'>obligationes</span> <span class='ocrx_word' id='word_1_153' title='bbox 482 3259 684 3324; x_wconf 87' lang='lat' dir='ltr'>clericorum.</span> 
     </span>
    </p>

    <p class='ocr_par' dir='ltr' id='par_1_12' title="bbox 291 3371 831 3464">
     <span class='ocr_line' id='line_1_27' title="bbox 291 3371 831 3464; baseline 0.017 -19"><span class='ocrx_word' id='word_1_154' title='bbox 291 3392 357 3446; x_wconf 63' lang='lat' dir='ltr'>aas.</span> <span class='ocrx_word' id='word_1_155' title='bbox 374 3393 396 3449; x_wconf 89' lang='lat'>1.</span> <span class='ocrx_word' id='word_1_156' title='bbox 423 3391 462 3448; x_wconf 76' lang='lat' dir='ltr'>ne</span> <span class='ocrx_word' id='word_1_157' title='bbox 474 3391 633 3464; x_wconf 75' lang='lat' dir='ltr'>privilegiis</span> <span class='ocrx_word' id='word_1_158' title='bbox 645 3371 831 3454; x_wconf 66' lang='lat' dir='ltr'>trabearum.</span> 
     </span>
    </p>

    <p class='ocr_par' dir='ltr' id='par_1_13' title="bbox 294 3477 837 3564">
     <span class='ocr_line' id='line_1_28' title="bbox 294 3477 837 3564; baseline 0.013 -30"><span class='ocrx_word' id='word_1_159' title='bbox 294 3477 360 3536; x_wconf 79' lang='lat' dir='ltr'>Anr.</span> <span class='ocrx_word' id='word_1_160' title='bbox 374 3480 408 3535; x_wconf 92' lang='lat' dir='ltr'>ll.</span> <span class='ocrx_word' id='word_1_161' title='bbox 422 3479 462 3536; x_wconf 89' lang='lat' dir='ltr'>De</span> <span class='ocrx_word' id='word_1_162' title='bbox 472 3479 592 3536; x_wconf 86' lang='lat' dir='ltr'>illorum</span> <span class='ocrx_word' id='word_1_163' title='bbox 603 3481 837 3564; x_wconf 81' lang='lat' dir='ltr'>obligationibus.</span> 
     </span>
    </p>
   </div>
   <div class='ocr_carea' id='block_1_11' title="bbox 289 3657 823 3726">
    <p class='ocr_par' dir='ltr' id='par_1_14' title="bbox 289 3657 823 3726">
     <span class='ocr_line' id='line_1_29' title="bbox 289 3657 823 3726; baseline 0.015 -19"><span class='ocrx_word' id='word_1_164' title='bbox 289 3658 323 3722; x_wconf 81' lang='lat' dir='ltr'>(l)</span> <span class='ocrx_word' id='word_1_165' title='bbox 340 3657 416 3708; x_wconf 83' lang='lat' dir='ltr'>Cone.</span> <span class='ocrx_word' id='word_1_166' title='bbox 427 3657 512 3720; x_wconf 78' lang='lat' dir='ltr'>Trid,</span> <span class='ocrx_word' id='word_1_167' title='bbox 526 3671 587 3710; x_wconf 83' lang='lat' dir='ltr'>sess.</span> <span class='ocrx_word' id='word_1_168' title='bbox 599 3659 690 3724; x_wconf 83' lang='lat' dir='ltr'>lllllll,</span> <span class='ocrx_word' id='word_1_169' title='bbox 703 3676 757 3726; x_wconf 85' lang='lat' dir='ltr'>cap.</span> <span class='ocrx_word' id='word_1_170' title='bbox 769 3677 823 3715; x_wconf 88' lang='lat' dir='ltr'>vru.</span> 
     </span>
    </p>
   </div>
   <div class='ocr_carea' id='block_1_12' title="bbox 0 0 1328 4250">
    <p class='ocr_par' dir='ltr' id='par_1_15' title="bbox 0 0 1328 4250">
     <span class='ocr_line' id='line_1_30' title="bbox 0 0 1328 4250; baseline 0 0"><span class='ocrx_word' id='word_1_171' title='bbox 0 0 1328 4250; x_wconf 95' lang='lat' dir='ltr'> </span> 
     </span>
    </p>
   </div>
  </div>
 </body>
</html>
