2620 4258
460 293 533 338 PARS
555 293 718 340 sesuldus.
1021 297 1080 344 27⁵

97 409 225 471 loederis
254 408 440 487 conjugalis,
475 430 490 466 o
513 412 598 489 quod
612 412 647 472 in
665 413 821 474 electione
838 411 1009 490 initiatum,
1026 433 1077 477 ra·

97 517 167 570 tum
192 508 225 567 in
250 507 490 570 confirmatione
513 512 545 570 et
572 508 605 568 in
631 510 870 573 consecratione
884 512 1074 592 intelligitur

99 609 356 668 consummatum
369 604 419 684 (t).
431 626 445 663 o
464 604 503 667 vi
514 607 772 683 consecrationis,
780 608 1075 688 Episcopusaccipit

99 703 226 780 plenam
241 702 360 764 ordinis
372 706 562 780 potestatem
576 722 648 782 quaa
664 707 762 767 semel
775 707 890 768 collata
903 724 966 767 non
981 707 1074 768 amit-

94 801 186 861 titur.

132 899 157 960 Ι.
173 897 293 979 Reputo
300 898 520 960 consecrationis
530 899 980 978 respiciuntconsecratorem,
992 907 1075 964 tem·

93 1013 154 1074 pus
168 1000 199 1056 et
213 997 331 1072 locum,
346 997 424 1057 ritus
436 996 644 1060 adhibendos.

137 1091 336 1155 Consecratur.
354 1127 391 1139 —
409 1096 455 1156 Ex
471 1095 607 1175 antiquo
631 1115 706 1172 usu,
732 1098 771 1157 ad
798 1099 1071 1160 consecrationem

94 1186 300 1265 requiruntur
325 1193 389 1249 tres
405 1188 556 1268 Episcopi
573 1207 709 1267 quorum
727 1208 808 1252 unus
823 1191 940 1254 dicitur
959 1208 1072 1252 conse-

93 1285 208 1356 crator,
230 1280 345 1359 reliqui
366 1282 429 1342 duo
452 1281 643 1346 assistentes.
665 1287 752 1346 Unus
770 1290 877 1346 tamen
890 1284 1016 1355 sulflcit,
1031 1301 1070 1344 ex

93 1376 328 1455 dispensatione
356 1378 528 1455 Pontificis,
554 1399 612 1457 pro
631 1382 763 1444 remotis
787 1381 970 1460 regionibus
994 1396 1070 1441 con-

91 1491 191 1536 cessa.

131 1573 217 1634 Olim
233 1573 429 1651 Episcopum
448 1575 651 1652 Metropolita
675 1575 891 1638 consecrabat.
908 1577 1002 1636 Juxta
1013 1573 1070 1636 ho·

90 1670 239 1732 diernam
254 1670 405 1732 Ecclesiae
421 1671 633 1750 disciplinam,
649 1675 698 1734 vel
712 1673 751 1734 ah
766 1674 837 1752 ipso
849 1673 1002 1734 Pontifice
1019 1673 1068 1734 vel

90 1768 158 1845 ejus
175 1767 325 1828 mandato
344 1769 422 1830 fiunt
446 1769 678 1848 Episcoporum
701 1770 968 1832 consecrationes.
994 1768 1071 1847 Epi-

88 1863 178 1942 scopi
189 1863 243 1941 qui
254 1881 290 1924 ex
296 1869 341 1926 tra
352 1865 470 1928 Urbem
478 1872 713 1941 consecrantur,
725 1886 782 1928 suo
793 1867 924 1929 arbitrio
935 1867 1068 1944 Episco-

88 1976 167 2038 pum
182 1959 313 2039 eligunt‚
326 1961 378 2021 cui
393 1963 486 2022 datur
501 1963 686 2024 mandatum
701 1963 926 2041 apostolicum.

133 2055 254 2136 Tempus
265 2064 294 2116 et
309 2056 405 2118 docus.
420 2059 647 2138 -Episcopus
672 2062 878 2122 confirmatus
891 2060 975 2122 intra
999 2065 1074 2124 tres¹

90 2169 214 2214 menses
226 2154 498 2217 consecrationem
516 2157 676 2235 suscipere
688 2163 826 2232 tenetur,
843 2156 984 2235 alioquin
999 2173 1069 2235 per·

89 2256 199 2330 ceptos
218 2251 338 2313 fructus
351 2251 479 2327 amittit,
495 2271 582 2314 suam
595 2255 781 2332 dignitatem
794 2255 976 2330 amissurus,
990 2253 1014 2315 si
1027 2255 1066 2314 ad

88 2355 153 2410 tres
167 2348 244 2410 alios
259 2366 385 2411 menses
400 2349 674 2412 consecrationem
685 2351 886 2430 protraxerit.

129 2446 331 2508 Consecratio
345 2446 536 2508 celebranda
548 2451 595 2508 est
605 2447 656 2507 die
671 2447 841 2522 dominica,
858 2447 905 2507 vel
926 2445 976 2506 die
986 2447 1066 2509 festo

86 2546 325 2624 Apostolorum,
352 2549 425 2624 post
450 2549 558 2607 actum
583 2543 685 2627 pridie
706 2545 863 2624 jejunium
887 2544 1063 2622 effusasque

86 2659 211 2722 preces.

126 2741 277 2820 Episcopi
292 2744 518 2803 consecrantur
532 2741 579 2802 vel
595 2742 716 2816 Romae,
732 2741 779 2800 rel
794 2739 827 2800 in
844 2741 912 2821 ipsa
923 2741 1066 2802 Ecclesia

85 2837 137 2898 cui
154 2836 385 2915 praeficiuntur,
413 2837 461 2898 vel
487 2837 600 2898 saltem
615 2836 648 2896 in
669 2836 842 2914 provincia,
868 2839 894 2898 si
911 2837 978 2916 lieri
993 2855 1066 2917 pos·

87 2933 139 2994 sit.

126 3030 217 3092 Ritus
231 3033 490 3109 consecrationis,
513 3050 585 3112 quae
609 3029 769 3112 praecipue
793 3035 992 3096 fitmanuum
1006 3033 1067 3095 im-

84 3127 245 3203 positione
265 3137 296 3192 et
317 3131 451 3210 Spiritus
474 3131 582 3192 Sancti
603 3131 812 3210 invocatione,
836 3133 869 3192 in
886 3132 1066 3194 Pontifioali

84 3227 231 3288 Romano
251 3227 484 3289 describuntur.

123 3326 162 3385 ll.
177 3323 384 3385 duramentum
407 3323 571 3384 obedientiae
585 3321 708 3384 Summo
731 3325 874 3407 Pontifici
886 3325 1061 3408 praestitum.
1161 3370 1163 3374 -

79 3423 302 3502 -Episcopi,
334 3429 506 3502 antequam
525 3423 795 3486 consecrationem
819 3425 986 3506 accipiant,
1010 3427 1064 3506 ju·

16 3529 18 3560 l

16 3627 17 3676 l
115 3639 152 3701 (t)
168 3637 252 3699 Greg,
264 3637 362 3688 Decret.
374 3635 405 3686 de
419 3635 593 3686 Tronslolioae
606 3637 732 3702 Episcopi.
