2604 4270
253 319 288 366 ³8
423 318 579 366 Exuostrlo
601 316 778 364 nurfloulcu
800 317 884 364 touls
906 317 1065 365 curtorum.

249 441 358 501 centro
378 436 507 499 unitatis
528 437 594 517 Jam
619 437 770 514 divinitus
793 438 978 502 constituto.
1002 435 1112 516 Igitur,
1143 431 1226 494 sicut

248 535 418 614 collegium
430 536 640 614 apostolicum
650 542 773 598 constat
783 536 943 616 Apostolis
956 550 1030 595 eum
1042 535 1137 601 Petro
1150 547 1227 592 con-

244 634 373 714 junctis,
395 635 439 696 ita
459 651 574 712 corpus
599 634 778 712 episcopale
803 634 1027 713 complectitur
1048 631 1226 709 Episcopus

246 733 390 793 Romano
403 718 551 794 Pontifici
565 733 649 793 velut
664 732 761 810 capiti
776 733 972 794 adhaerentes
988 730 1000 810 (
1019 729 1042 810 ).

285 849 324 911 ΙΙ.
354 847 542 930 Perpetuitos
567 846 721 908 Primatus
745 847 993 928 etEpiscoputus.
1015 879 1054 893 -
1068 843 1223 918 Christus,

244 965 319 1010 curn
333 948 429 1010 Petro
445 950 476 1008 et
489 945 649 1024 Apostolis
671 947 807 1024 contulit
828 949 1016 1025 potestatem
1030 942 1161 1024 regendi
1174 942 1225 1029 in-

243 1044 463 1108 defectibilem
484 1033 659 1105 Ecclesiam
673 1044 825 1122 usquead
849 1043 945 1104 finem
966 1043 1168 1116 saeculorum,
1185 1057 1224 1101 eo

242 1144 313 1222 ipso
344 1142 378 1204 in
402 1139 638 1204 successoribus
664 1159 776 1204 eorum
803 1141 940 1203 instituit
974 1141 1223 1222 perpetuitatem

243 1239 401 1302 Primatus
420 1244 452 1302 et
482 1239 625 1318 corporis
656 1239 855 1319 episcopalis.
885 1237 969 1318 Ergo
991 1239 1077 1318 quod
1106 1237 1226 1318 dicitur

242 1338 282 1400 de
303 1341 398 1402 Petro
421 1343 453 1401 et
470 1333 642 1418 apostolis,
668 1337 765 1398 etiam
789 1339 828 1400 de
845 1338 989 1400 Romano
1014 1336 1169 1399 Pontifice
1190 1341 1224 1398 et

241 1429 407 1516 Episcopis
426 1435 602 1516 generatim
617 1435 789 1497 dicendum
802 1442 860 1498 est.

218 1608 219 1612 ,
283 1553 313 1612 l.
330 1550 685 1632 PerpetuitusPrimotus,
697 1568 763 1612 nou
775 1567 864 1613 secus
875 1556 971 1630 atque
984 1551 1082 1631 ipsius
1092 1549 1223 1612 institu-

242 1649 300 1724 tio,
311 1665 328 1708 a
337 1649 408 1727 jure
417 1649 523 1712 divino
531 1648 889 1728 proficiscitur.Etenim
897 1650 1053 1712 Primatus
1067 1648 1224 1713 esshristo

242 1746 337 1806 Petro
356 1746 490 1808 collatus
518 1747 590 1822 fuit,
617 1747 826 1810 utEoclesiae
848 1747 1016 1810 catholica
1040 1748 1145 1810 unitas
1169 1749 1223 1808 fir-

245 1847 401 1918 maretur;
421 1842 509 1922 atqui
527 1843 630 1904 unitas
645 1845 809 1907 constituit
823 1846 1053 1925 proprietatem
1067 1847 1223 1908 essentia-

241 1939 306 2002 lem
321 1941 471 2002 Ecelesiae
486 1939 613 2002 Ghristi.
629 1941 711 2020 Ergo
730 1943 886 2004 Primatus
904 1942 1014 2006 debuit
1028 1943 1062 2004 in
1076 1943 1224 2006 Ecclesia

243 2054 310 2102 csse
326 2045 505 2118 perpetuus,
522 2038 603 2100 sicut
624 2039 765 2102 Ecclesia
786 2041 855 2120 ipse
880 2041 1032 2120 perdurat
1055 2059 1154 2122 usque
1179 2043 1223 2103 ad

242 2137 551 2200 consummationem
565 2138 684 2201 saeculi.
702 2141 790 2200 Hanc
805 2139 968 2203 veritatem
986 2140 1138 2220 Theologi
1151 2141 1224 2202 vin-

243 2235 402 2296 dicenter
416 2235 519 2297 verbis
536 2235 651 2298 Christi
669 2256 676 2298 :
695 2236 737 2297 Tu
752 2257 780 2298 es
793 2237 912 2314 Petrus,
926 2245 955 2298 et
974 2256 1062 2318 super
1073 2237 1148 2298 douc
1164 2233 1225 2318 pess

244 2340 321 2393 trum
332 2331 483 2415 edificabo
494 2331 655 2394 Ecclesium
666 2353 769 2410 meum,
784 2341 918 2416 etportce
931 2334 1024 2415 inferi
1033 2353 1091 2396 nou
1100 2353 1225 2416 proeco-

245 2429 344 2492 lebuot
359 2429 497 2492 adoneus
510 2450 573 2492 eom
588 2431 640 2512 (E).

184 2565 193 2592 Ι
283 2551 313 2610 2.
332 2546 520 2628 Perpetuitos
533 2546 740 2628 Epucoputus.
754 2579 795 2591 -
812 2549 964 2629 Ecclesia,
981 2565 1054 2610 cum
1072 2548 1112 2610 sit
1126 2547 1224 2612 inde—

241 2645 412 2722 fectibilis,
429 2645 637 2707 immutabilis
651 2651 698 2708 est
725 2645 758 2706 in
783 2663 839 2706 sua
861 2645 1085 2745 constitptione
1099 2645 1220 2710 divina.

241 2745 338 2824 Atqui
363 2745 581 2834 Episcopatus
607 2763 625 2805 a
651 2743 774 2806 Christo
797 2744 830 2804 in
850 2744 1016 2824 Episcopis
1038 2745 1219 2824 institutuS,
1291 2761 1292 2834 l

240 2843 380 2924 pertinet
405 2843 444 2902 ad
471 2842 731 2905 constitutionem
759 2843 910 2905 Ecclesiae
934 2843 1036 2922 qualis
1066 2842 1221 2906 divinitus
1291 2849 1292 2852 ’

241 2942 370 3022 fundata
392 2939 463 3002 luit.
483 2939 621 3002 Proinde
650 2941 786 3002 delicere
809 2941 920 3020 nequit
936 2941 1038 3001 forma
1052 2941 1221 3022 regiminis

241 3039 402 3114 Ecclesia,
414 3055 529 3117 nempe
543 3055 658 3118 eorpus
669 3039 850 3120 episcopale
862 3025 947 3118 quod
958 3038 1062 3118 capite
1076 3044 1221 3102 etmem·

239 3137 304 3199 bris
321 3143 445 3200 constat
459 3138 513 3219 (3).

278 3236 398 3315 ltaque,
410 3235 500 3316 juxta
509 3235 738 3316 Traditionem,
752 3239 901 3300 Summus
911 3236 1056 3299 Pontifex
1063 3239 1219 3316 tanquam

269 3430 301 3491 (t)
315 3429 446 3491 zullingon
461 3429 507 3479 Juc
518 3431 714 3482 ecclesiasticum
726 3430 929 3497 publicummap.
943 3444 971 3482 t.

266 3513 298 3573 (2)
315 3509 485 3571 nutu.,xv1,
503 3511 542 3560 19.
558 3535 589 3548 -
602 3513 717 3572 Perrone,
731 3515 767 3562 De
782 3512 902 3574 Ecetram,
917 3517 979 3562 sect.
996 3510 1030 3592 ll,
1041 3525 1099 3574 erp.
1114 3524 1134 3563 ι.

266 3591 302 3719 (tlt)
313 3589 447 3719 (tregentos
457 3589 521 3650 xvt,
536 3589 667 3654 Triumphe
674 3592 709 3640 du
720 3593 884 3658 saint-Situs
893 3597 917 3644 et
927 3593 959 3642 de
969 3589 1085 3657 l'Eplr'se.
1092 3591 1216 3642 Ducours
1291 3603 1292 3608 ¹

231 3671 378 3734 prttmmar
411 3708 417 3719 .
