2630 4250
473 299 548 346 PARS
568 301 730 351 SPEGIALIS.
1036 303 1090 350 23¹1

154 413 251 494 Igitur
264 415 298 474 in
311 415 453 493 qualibet
472 416 641 496 hypothesi
662 419 890 498 applicandum
909 425 957 481 cst
977 421 1062 482 istud
1082 439 1089 481 :

115 535 133 570 a
145 531 210 574 nou
224 517 272 574 cst
284 517 429 574 nostrum
439 513 586 592 judicare
603 515 643 577 de
657 517 790 579 Summo
803 518 959 580 Pontificc
972 517 1025 597 (t).
1048 541 1061 576 c

469 753 690 810 ARTIGULUS
708 756 737 808 11

347 917 381 955 DE
398 917 577 958 accuramus
595 917 681 958 sutrin
695 919 851 960 PONTIFICIS.

148 1082 204 1145 51.
217 1076 403 1149 Patriarchae,
419 1042 569 1150 Primates,
585 1081 786 1153 Metropoliiae.

148 1173 164 1236 ἓ
177 1173 204 1224 2.
218 1167 326 1236 Legati.

147 1261 163 1323 ξ
176 1261 203 1312 3.
216 1255 329 1312 Praelati
338 1253 501 1313 inferiores·

189 1446 205 1510 ᾖ
219 1445 245 1496 1.
259 1471 289 1482 -
307 1444 344 1496 Be
356 1443 537 1509 Patriarchis,
555 1445 724 1498 primatibus
740 1449 769 1496 ct
781 1445 1018 1510 Metropolitanis.

147 1605 174 1656 i.
188 1604 298 1656 Eorum
306 1599 460 1656 institutio.

145 1693 175 1743 2.
189 1687 260 1742 Jura
270 1691 298 1743 ei
308 1687 434 1758 insignio
445 1685 579 1742 illorum.

357 1875 471 1934 Qonsrro
485 1878 520 1924 1⁶.
540 1901 570 1910 —
583 1876 691 1926 Inuouou
706 1890 855 1926 rnsrlromo.

152 2029 337 2094 Hierarohia
358 2029 588 2109 jurisdictionis
603 2035 763 2109 spectatur
777 2049 841 2094 non
855 2033 958 2094 solum
976 2033 1009 2092 in
1030 2032 1093 2112 pri-

110 2137 201 2194 matu
215 2145 348 2191 romano
363 2132 395 2188 ct
408 2128 442 2188 in
454 2128 586 2207 singulis
606 2128 808 2204 dioecesibus,
826 2147 937 2192 verum
953 2129 1048 2192 etiarn
1060 2133 1091 2192 in

109 2227 282 2308 provinciis
299 2225 533 2290 ecclesiasticis.
553 2226 712 2288 Nimirum
726 2228 811 2290 inter
824 2230 992 2291 Summum
1009 2231 1094 2291 Pou-

110 2327 269 2389 tificatum
294 2329 326 2386 et
352 2323 583 2402 episcopatum,
605 2321 677 2402 jure
702 2323 808 2386 divino
830 2326 1003 2402 institutos,
1030 2327 1092 2388 orti

110 2429 188 2487 sunt
201 2430 264 2486 tres
279 2421 396 2503 gradus
420 2418 500 2500 juris
528 2421 746 2494 ecclesiastici,
764 2439 879 2502 nempe
891 2424 1091 2499 Potricrcice,

109 2523 260 2587 Primores
272 2527 304 2583 ct
318 2517 524 2598 Metropolitae.

151 2623 198 2682 Ea
220 2625 266 2681 cst
282 2622 391 2680 natura
416 2615 611 2677 Hierarchiae
638 2616 871 2692 ecclesiasticas,
886 2624 922 2680 ut
937 2620 1092 2697 ejusmodi

109 2717 258 2797 superior
278 2715 415 2796 dignitas
424 2714 609 2776 inferiorem
624 2731 692 2774 non
702 2713 896 2794 supprimat:
911 2715 965 2794 qui
978 2715 1095 2786 dicitur

107 2811 325 2893 Metropolim,
345 2814 432 2874 idem
456 2817 503 2874 est
520 2810 714 2892 Episcopum
733 2810 915 2876 Patriarcha
934 2811 1093 2874 autsimul

109 2912 389 2992 Metropolitanus,
402 2909 485 2975 sicut
496 2911 645 2975 Summus
656 2903 801 2972 Pontifex
810 2914 858 2972 cst
872 2915 969 2992 caput
984 2911 1095 2972 iicclc-

106 3011 179 3084 siae,
207 3009 386 3090 patriarcha
409 3007 604 3084 Occidentis,
620 3008 738 3087 primas
756 3009 867 3088 ltalia,
893 3008 1095 3088 Metropolita

106 3104 286 3186 provincias
300 3122 451 3181 romana,
465 3105 640 3184 Episcopus
654 3108 776 3168 Romu.—

147 3257 172 3308 1.
186 3253 268 3308 Ratio
284 3255 374 3324 hujus
386 3225 535 3323 ¹dignitatis
550 3253 581 3308 in
592 3265 710 3321 gonaro.

146 3341 182 3395 ll.
196 3341 282 3412 Origo
296 3341 479 3411 singulorum
489 3337 632 3412 ejusmodi
644 3338 798 3408 graduum.

146 3517 181 3577 (t)
194 3518 221 3568 S.
236 3517 279 3568 ivo
290 3503 460 3577 carnutensis,
471 3528 514 3576 cp.
533 3518 573 3578 57,
588 3516 643 3564 235.
