2626 4258
194 187 262 272 ¹ee·
376 217 533 266 arrasum
556 215 733 266 ueratrum
754 177 837 264 sume
859 217 1014 263 curemur.

528 437 553 484 2.
568 433 707 484 secretaria
722 433 867 496 apostolica.

249 605 424 668 Secretaria
437 605 665 684 multiplexest
686 623 695 665 :-

248 704 273 764 1.
288 702 455 764 secretaria
465 703 610 768 ¹Bra-aium
628 701 771 764 instituta
789 707 836 766 est
850 703 889 764 ad
904 703 1119 766 conficiendas
1134 705 1191 766 lit·
1309 725 1310 772 ψ

208 807 301 890 teras.
312 802 490 880 pontificias
502 819 573 880 quae
586 801 798 879 expediuntur
810 802 843 862 in
856 801 955 882 forma
969 802 1085 866 Brevis.

249 903 291 962 ΙΙ.
314 900 482 962 Secretaria
494 898 610 975 Status,
622 917 677 960 seu
689 900 898 962 Ministerium
910 903 1016 965 Status
1030 901 1190 978 pontificii

209 1017 268 1078 pro
297 999 389 1060 rebus
413 999 582 1073 extraneis,
611 1004 657 1058 est
684 1015 837 1077 organum
861 1016 924 1076 quo
949 999 1094 1060 Pontifex
1113 1016 1190 1062 cum
1309 1001 1310 1052 i

209 1096 408 1176 principibus
423 1095 626 1157 sacularibus
641 1095 865 1157 communicat.
891 1121 893 1126 ’

135 1221 138 1227 ·
250 1197 302 1256 ΙΙΙ.
326 1196 492 1258 Accedunt
502 1193 696 1257 Secretarius
717 1193 895 1256 litterarum
907 1196 946 1256 ad
963 1195 1140 1276 principes,
1156 1199 1191 1256 et

212 1291 407 1352 Secretarius
428 1291 606 1354 litterarum
634 1289 802 1351 latinarum
824 1291 864 1352 ad
886 1291 1024 1370 privates
1049 1292 1191 1354 destina-

210 1395 327 1452 tarum.

530 1624 533 1632 Ι
566 1547 785 1604 curremus
805 1549 834 1603 11

482 1717 516 1756 DE
534 1715 669 1756 cernuus
694 1715 920 1758 carnutummua

252 1883 341 1944 Sicut
354 1881 535 1956 Gardinales
548 1881 611 1941 suis
623 1880 763 1942 consiliis
776 1883 813 1942 R.
828 1881 1015 1971 Pontificem
1026 1881 1188 1960 adjuvant,

211 1983 256 2043 ita
269 1982 444 2060 capitulum
460 1986 507 2042 est
524 1985 650 2057 senatus
666 1981 829 2060 Episcopi.

246 2111 398 2178 §tuoto
413 2111 620 2184 capitulorum.
683 2102 687 2109 ’

246 2203 262 2267 5
277 2203 303 2256 d.
319 2201 425 2256 Eorum
440 2200 607 2256 auctoritas.

372 2421 380 2458 ·.
495 2403 510 2466 ἓ
526 2403 553 2456 l.
566 2431 597 2442 -
610 2403 691 2458 lletio
709 2403 902 2472 capitulorum.

251 2573 387 2654 Capituli
399 2576 531 2638 nomine
542 2577 731 2656 intelligitur
746 2576 916 2655 collegium
934 2575 1124 2638 clericorum
1136 2575 1190 2655 qui
1309 2603 1310 2610 κ

211 2672 346 2736 subuno
364 2677 513 2752 Praelat0‚
531 2682 567 2737 ut
593 2675 737 2738 mamhra
758 2675 815 2736 suh
829 2693 893 2736 uno
914 2675 1031 2754 capita,
1058 2675 1188 2754 degunt,

126 2797 127 2801 ¹
212 2781 332 2838 etcum
348 2791 386 2836 eo
396 2791 495 2836 unum
509 2793 624 2854 corpus
642 2775 850 2837 constituunt.

253 2873 432 2952 Capitulum
457 2877 505 2933 est
530 2873 578 2933 vel
601 2870 768 2932 cathedrale
780 2872 828 2932 vel
841 2869 997 2950 callepiule.
1011 2869 1191 2948 Capitulum

213 2971 395 3032 cathedrale
415 2969 566 3032 Ecclesiae
581 2968 755 3030 cathedrali
764 2967 933 3028 v‘addictum
949 2973 996 3028 est
1013 2973 1049 3029 ut
1062 2969 1193 3047 Episco-

212 3085 290 3144 pum
305 3069 442 3148 adJuvet.
460 3069 639 3146 Capitulum
658 3065 826 3146 collegiale
844 3065 878 3125 in
897 3063 1031 3126 ecclesia
1049 3065 1191 3126 inferiori

3 3225 5 3278 l
110 3228 113 3234 ,
214 3162 356 3226 officium
372 3165 515 3225 divinum
530 3163 690 3241 persolvit.

254 3260 298 3319 De
317 3258 462 3336 capitulis
489 3259 725 3320 cathedralibus
749 3257 867 3337 duplex.
887 3259 1077 3336 expenditur
1101 3276 1189 3338 quae·

214 3359 276 3422 stio
291 3379 298 3420 :

206 3551 209 3554 ,
249 3491 372 3555 ersrro
390 3492 426 3544 Ρ.
442 3491 482 3545 De
495 3490 678 3546 institutione
693 3489 898 3562 capitulorum.
973 3537 979 3550 .

250 3579 372 3642 Quusrro
387 3579 427 3632 2³.
445 3579 482 3631 De
497 3577 614 3634 illerum
629 3579 832 3636 constitutione
846 3578 973 3634 interna.
