2620 4258
228 262 279 314 250
396 264 553 310 EXPOSITIO
574 263 751 310 leunculus
772 265 854 310 roms
878 262 1034 309 canonici.

228 385 324 460 ciant,
339 385 418 444 etad
434 381 600 444 Summum
616 383 779 444 Pastorem
792 381 929 442 fideliter
944 381 982 442 de
998 397 1035 441 eo
1049 381 1202 444 referant.

267 480 302 540 Id
330 479 426 540 etiam
451 478 642 557 intelligitur
663 480 702 540 de
726 477 923 540 nunciaturis
942 477 1119 540 stabilibus.
1146 480 1207 539 ut-

232 577 319 640 enim
334 577 416 639 sicut
425 578 507 638 inest
518 575 655 638 Summis
661 577 877 652 Pontificibus,
889 575 943 640 ubi
955 575 1208 640 extraordinaria

229 676 311 740 facta
325 675 358 734 id
374 675 551 754 requirunt,
565 675 696 736 facultas
711 675 859 736 mittendi
882 674 1013 735 nuntios
1029 675 1210 736 extraordi-

231 773 338 834 narios
352 773 390 832 ad
403 773 523 834 malum
536 773 802 850 tollendum,quae
811 777 857 834 est
868 773 967 833 altera
983 789 1056 850 pars
1068 775 1209 850 Aposto-

233 871 292 933 lici
308 869 458 948 muneris,
476 870 519 930 ita
532 869 655 932 eisdem
668 870 750 932 inest
764 871 894 932 facultas
915 869 1063 930 mittendi
1077 870 1208 932 nuntios

183 1004 189 1026 t
219 968 413 1054 ordinarios
428 966 532 1028 stabili
544 967 766 1046 jurisdictione
778 968 929 1046 praeditos
948 969 987 1027 ad
1004 967 1126 1046 bonum
1141 985 1209 1029 ser·
1305 965 1306 1004 ³

233 1067 383 1135 vandum,
398 1083 469 1143 quae
487 1067 644 1128 estaltera
657 1083 729 1144 pars
740 1065 861 1145 jurium
878 1071 909 1127 et
918 1065 1099 1126 officiorum
1116 1066 1209 1128 Sedis
1305 1071 1306 1118 l

233 1162 439 1242 apostolicae.
455 1163 613 1224 Nimirum
625 1163 828 1226 ,Nunciaturae
843 1163 1012 1226 ordinariae
1027 1169 1060 1225 et
1079 1163 1208 1225 stabiles
1305 1167 1306 1250 ξ

234 1261 372 1322 multum
398 1262 576 1337 conferunt,
593 1266 661 1323 tum
684 1261 810 1322 assidua
833 1261 1018 1324 nuntiorum
1032 1261 1206 1340 vigilantia,
1305 1257 1306 1300 3

231 1362 299 1420 tum
314 1359 418 1419 stabili
433 1376 545 1420 eorum
559 1353 758 1432 auctoritate,
780 1360 819 1420 ad
834 1359 1083 1422 custodiendum
1095 1361 1205 1435 tidem,

227 1473 333 1522 mores
348 1457 603 1536 ctdisciplinam.
643 1449 645 1452 ’

271 1553 365 1616 Proh.
380 1559 409 1615 ἓ.
426 1555 481 1616 Ec
492 1555 637 1616 constanti
648 1553 790 1617 Ecclesiae
800 1553 965 1636 disciplina.
977 1555 1123 1634 -Hujus
1131 1555 1212 1634 Juris
1305 1609 1306 1612 ,

232 1669 307 1714 usus
334 1658 515 1730 perpetuus,
532 1653 587 1732 qui
604 1653 809 1716 traditionem
824 1654 1013 1729 manifestat,
1032 1653 1213 1726 ostenditur

233 1749 337 1811 indea
351 1752 468 1812 sacculo
483 1768 526 1826 ιν,
549 1767 587 1812 ex
609 1769 672 1830 quo
693 1769 754 1830 pax
777 1751 927 1812 Ecclesiae
947 1751 1020 1812 data
1038 1753 1094 1826 est,
1108 1766 1213 1828 usque
1305 1799 1306 1846 ἰ

227 1847 274 1906 ad
284 1849 437 1907 saeculum
451 1863 507 1922 xvt
519 1852 690 1927 nostraque
704 1853 850 1928 tempora
866 1849 876 1927 (
897 1847 918 1927 ).
1305 1867 1306 1924 j

229 1985 232 1990 -
272 1944 323 2002 Ill.
343 1942 468 2004 Romani
481 1943 638 2025 Pontifices
649 1945 723 2024 juri
736 1945 891 2026 respondet
903 1945 1041 2025 obligatio
1053 1943 1219 2026 compendi
1305 1997 1306 2006 ,

237 2039 371 2119 Legatos.
393 2041 472 2102 -Si
486 2040 692 2104 Pontificibus
715 2045 863 2122 denegari
880 2062 945 2106 non
966 2044 1066 2122 possit
1075 2044 1126 2122 jus
1142 2059 1217 2121 per·
1305 2061 1306 2086 ἐ

118 2223 120 2228 Δ
237 2138 357 2199 lectum
381 2155 434 2198 eos
456 2139 615 2214 mittendi,
645 2139 785 2202 vicissim
819 2139 1022 2219 Principibus
1055 2141 1219 2204 incumbit
1305 2141 1306 2174 ³

241 2235 407 2312 obligatio,
424 2253 465 2297 ne
479 2238 611 2316 Legatos
633 2236 673 2298 ab
696 2238 887 2317 ingressuin
909 2243 1007 2303 terras
1024 2257 1089 2300 suas
1104 2239 1219 2318 probi-

239 2331 348 2406 beant‚
374 2337 429 2394 aut
450 2333 600 2412 legitimis
618 2351 729 2396 eorum
750 2335 966 2398 functionibus
981 2337 1143 2399 obstacula
1157 2354 1218 2415 po-

232 2429 319 2488 nant.
808 2433 811 2440 '

283 2523 378 2586 Proh.
394 2526 422 2586 l.
438 2523 572 2586 Ratione.
589 2548 604 2580 a
619 2525 654 2588 Si
668 2542 777 2588 verum
789 2531 847 2600 est,
866 2526 937 2608 jure
954 2528 1084 2606 publico
1108 2528 1220 2588 hono·
1305 2525 1306 2566 ἒ

238 2620 356 2683 rabiles
371 2639 451 2698 esse,
469 2627 500 2684 et
511 2623 607 2684 veluti
625 2628 729 2688 sacros
751 2623 861 2686 heberi
879 2627 1011 2704 Legatos
1029 2625 1221 2705 Principum
1305 2623 1306 2676 ἐ

237 2720 278 2780 ad
295 2737 512 2799 quascumque
525 2726 634 2798 gentes
653 2721 802 2798 directos,
818 2739 913 2784 nemo
927 2722 1049 2785 inficias
1063 2723 1109 2784 ire
1123 2729 1222 2802 pote-
1305 2767 1306 2782 t

236 2816 290 2891 rit,
310 2807 552 2880 venerabiliores
575 2836 642 2886 esse
660 2823 793 2900 Legatos
814 2821 1008 2901 pontificios,
1032 2821 1087 2900 qui
1101 2823 1141 2882 ad
1156 2821 1220 2884 uti-

238 2913 362 2978 litatem
383 2919 596 2981 Ecclesiarum
619 2937 676 3000 per
695 2921 873 2999 provincias
893 2923 1061 2984 mittuntur
1078 2922 1131 3002 (i).
1147 2945 1162 2980 u

251 3025 253 3030 ·
279 3013 373 3074 Prob.
391 3017 424 3078 2.
442 3015 656 3078 Eeooluatotc
667 3016 792 3082 Christi.
803 3020 887 3083 -vi
899 3002 1067 3096 Primatus,
1081 3022 1224 3083 Summo

239 3107 384 3169 Pontifici
401 3109 558 3174 incumbit
571 3128 646 3174 cura
661 3111 760 3174 totius
774 3112 860 3174 orbis
880 3113 1056 3191 christiani,
1072 3120 1169 3194 atque
1183 3114 1225 3175 in

236 3204 331 3276 rebus
341 3207 379 3266 ad
389 3208 520 3270 salutem
531 3209 949 3287 animarumpcrtinentibus
956 3211 1138 3290 jurisdictio
1149 3211 1225 3290 ejus
1305 3285 1306 3294 ἵ

244 3298 362 3378 ubique
374 3321 442 3366 sese
452 3305 594 3368 extendit
607 3306 659 3386 (3).
854 3295 856 3300 ’

270 3451 306 3514 (l)
326 3451 436 3514 audisio,
451 3456 507 3504 ldee
526 3457 662 3522 historicae
681 3459 706 3506 et
724 3457 874 3507 rotioanelle
888 3457 918 3506 de
936 3458 961 3508 la
978 3457 1136 3522 diplomatis
1147 3461 1231 3512 eecle-

250 3531 375 3597 sioslique.
388 3559 418 3570 -
430 3537 582 3598 itinerarii,
595 3537 781 3588 Conimeatorio
796 3539 823 3586 ia
829 3538 876 3602 jos
886 3537 1091 3590 ecclesiasticum.
1114 3532 1118 3540 ’

271 3610 306 3674 (3)
321 3613 359 3664 Pii
369 3615 404 3664 IX
417 3620 497 3666 const.
513 3614 612 3676 Quanta
623 3630 692 3666 euru.
