2630 4250
469 223 542 268 PARS
564 223 731 272 annuistis.

139 345 159 402 ς
178 336 207 390 l.
230 335 270 390 De
285 335 472 410 qualitatibus
494 317 735 398 ordinandorum.

139 428 156 490 §
176 425 207 480 2.
232 423 271 480 lie
288 424 373 481 titulo
387 425 587 484 ordinationis.

276 621 291 684 ἓ
307 620 333 674 l.
349 649 379 658 -
395 619 433 674 Bc
449 621 632 687 qualitatibus
649 600 870 678 ordinandorum
884 624 929 688 (tl.

143 777 180 837 ln
198 773 382 836 ordinandis
404 776 496 836 dotes
514 775 729 854 requiruntur,
750 777 821 838 aliae
833 778 906 857 jure
924 777 1031 840 divino
1044 780 1084 840 ad

102 873 244 934 validam
256 871 500 948 ordinationem,
515 873 585 935 alias
595 875 666 954 jure
682 875 898 938 ecclesiastico
913 877 953 938 ad
965 876 1086 938 licitam

103 970 353 1034 ordinationem.
368 971 428 1041 llii,
445 971 499 1050 qui
511 971 581 1049 jure
594 973 730 1034 naturali
745 979 777 1036 et
791 972 898 1036 divino
910 974 949 1036 ab
963 973 1085 1036 ordini-

104 1069 165 1130 bus
182 1069 388 1148 repelluntur,
405 1067 553 1148 abcopaces
567 1069 729 1144 dicuntum
748 1071 802 1150 qui
817 1089 889 1133 vero
903 1073 973 1150 lege
988 1089 1085 1136 cano-

103 1167 180 1228 nica
192 1166 331 1228 ordinari
345 1165 564 1244 probibentur,
581 1166 758 1247 irrepalaccs
772 1169 979 1247 appellantur.

143 1267 169 1326 l.
187 1263 380 1346 incapacitas.
395 1264 472 1326 Cum
488 1265 602 1342 gradus
620 1265 805 1328 hierarchias
821 1265 946 1328 Ordinis
965 1273 1082 1330 statum

105 1363 308 1440 singulariter
318 1364 456 1426 eloctum
474 1363 677 1434 constituant,
693 1382 757 1426 non
773 1364 921 1426 omnibus
935 1363 1084 1426 indiscri-

105 1461 253 1522 minatim
274 1466 361 1540 patet
380 1461 484 1523 aditus
503 1461 537 1522 in
556 1462 789 1539 sanctuarinm,
818 1463 873 1524 sed
898 1461 991 1524 multi
1015 1462 1084 1542 ipsa

106 1561 178 1638 lage
190 1558 296 1620 divina
304 1558 343 1619 ab
359 1576 397 1620 eo
412 1566 571 1624 arcentur.
1066 1547 1074 1562 ²

147 1658 241 1720 Solus
255 1657 303 1718 vir
316 1655 492 1737 baptizatus
504 1675 569 1720 non
583 1659 699 1721 invitus
719 1662 766 1720 est
778 1657 957 1738 subjectum
971 1657 1083 1720 validm

108 1755 333 1830 ordinationis;
357 1773 421 1816 non
445 1755 610 1836 baptizati,
642 1756 811 1832 mulieres,
832 1755 934 1818 adulti
958 1756 1083 1836 penitus

106 1854 359 1918 contradicentes
373 1859 446 1914 sunt
460 1855 609 1916 ordinum
624 1855 802 1934 incapaces.
887 1906 890 1915 ,

146 1955 176 2014 i.
192 1951 261 2013 Noa
274 1951 416 2033 baptizati
427 1959 500 2014 sunt
510 1953 581 2032 jure
596 1953 705 2016 divino
719 1953 898 2032 incapaces,
918 1953 993 2034 quia
1007 1952 1086 2032 bup-

104 2051 220 2114 tismns
232 2056 279 2112 est
290 2051 385 2128 janua
396 2056 679 2112 sacramentorum.

145 2153 176 2210 2.
191 2151 277 2212 Inter
298 2147 488 2225 baptizatos,
505 2148 641 2212 mulinas
663 2147 885 2223 excluduntur,
907 2165 982 2210 nam
1003 2150 1086 2212 ordo

105 2245 202 2307 infert
221 2245 385 2324 potestatis
401 2244 606 2306 eminentiam
619 2260 690 2321 quaa
704 2243 831 2304 feminis
844 2263 907 2306 non
922 2245 1081 2320 convenit,

105 2343 265 2422 siquidem
278 2343 354 2420 ipsae
366 2341 547 2404 bominibus
560 2339 782 2417 snbjiciuntur.

145 2443 177 2502 3.
200 2443 245 2502 iix
265 2439 466 2513 hominibus,
489 2437 587 2500 adulti
609 2437 724 2498 omnino
750 2438 838 2500 inciti
858 2439 998 2500 ordinari
1017 2457 1083 2502 non

105 2545 257 2618 possunt;
288 2543 484 2600 sacramenta
506 2537 591 2598 enim
612 2535 773 2598 voluntate
802 2536 967 2598 resistente
990 2554 1083 2600 suum

104 2639 254 2700 ellectum
268 2655 332 2699 non
348 2637 533 2699 sortiuntur.

143 2735 180 2796 ll.
196 2733 418 2814 Icccpalomtos.
431 2767 470 2778 -
482 2735 569 2794 Inter
584 2733 731 2795 homines
739 2731 811 2811 jura
831 2731 937 2793 divino
952 2749 1083 2812 capaces

103 2832 246 2894 beclem
259 2833 391 2902 idoneos
410 2830 557 2906 secernit,
574 2835 606 2892 et
622 2829 714 2892 multi
730 2829 941 2908 probibentur
956 2830 1084 2893 ordines

104 2929 277 3008 suscipere,
295 2929 349 3008 qui
366 2928 563 3006 caeteroquin
577 2928 679 2989 valide
693 2927 834 2990 ordinari
852 2933 992 3006 possent.
1009 2930 1084 2992 lite-

103 3029 171 3090 nim
183 3040 320 3090 canunes
334 3033 435 3090 nerim
450 3027 540 3088 dotes
555 3043 613 3104 pro
628 3026 794 3088 ordinibus
809 3025 897 3088 licite
910 3025 1085 3104 suscipien-

105 3127 154 3187 dis
175 3123 399 3204 praescribnnt,
426 3125 535 3204 quales
553 3127 627 3184 sunt
648 3143 655 3184 ε
678 3123 821 3202 probitas
845 3140 982 3200 morum,
1008 3128 1084 3189 aetas

105 3221 276 3296 sufficiens,
292 3219 426 3300 legitimi
440 3219 570 3292 natales,
592 3219 725 3280 scientia
738 3219 980 3298 proportionata
992 3220 1083 3282 cuili-

104 3321 159 3380 bet
181 3318 308 3394 ordini,
334 3317 497 3398 integritas
520 3316 686 3394 corporis,
715 3317 830 3391 enimi,
856 3319 1027 3386 voluntatis
1051 3325 1083 3384 ut

105 3417 189 3482 fidei.
205 3417 354 3480 Deiectus
369 3433 478 3478 earnm
491 3415 615 3489 dotum,
635 3431 706 3492 quae
722 3413 838 3494 regulis
857 3416 1083 3482 ecclesiasticis

133 3579 167 3641 (l)
180 3577 411 3638 Scbmnlcgruaber,
419 3576 530 3642 naman,
540 3571 651 3636 rnhlng,
663 3573 695 3624 ad
713 3573 753 3626 tit.
773 3573 863 3636 v1,lib.
876 3573 1084 3627 chcretaliam.
