2604 4270
484 269 708 317 PRAENOTIONES.
1062 275 1077 320 'l

99 385 348 448 christianorum
358 386 618 450 determinantur.
630 391 802 469 Propterea
808 392 859 470 Jus
874 394 1075 470 canonicum,

99 483 140 544 de
167 501 231 563 quo
255 500 436 545 sermonem
450 484 657 562 instituimus,
674 487 850 550 dictumest
865 491 997 552 annulus
1013 509 1077 569 quo

95 583 148 661 jus
163 582 255 643 civile
268 599 342 643 oum
353 581 506 661 religione
516 583 718 645 connectitur
732 584 785 664 (l).

348 761 364 824 ξ
377 761 402 812 2.
416 788 447 800 -
456 761 533 814 suris
542 763 728 818 ecelesiastici
741 765 829 819 notio.

135 915 157 969 l.
173 913 240 984 Ejus
251 913 383 970 nomina.

135 1003 169 1057 ll.
181 1000 316 1057 Definitio
326 1001 401 1070 iuris
416 1001 548 1058 canonici
563 1001 703 1074 objectiva
721 1006 853 1076 spectati.

136 1091 182 1146 lll.
195 1089 275 1147 lllius
288 1089 400 1147 divisio.

371 1267 392 1320 l.
408 1295 438 1304 —
449 1270 627 1332 Nominajrrris
642 1270 754 1321 canonici
764 1271 807 1334 (2).

56 1471 57 1474 ,
138 1419 194 1480 Jus
209 1417 399 1480 canonicum
424 1421 615 1500 vocaturjus
628 1439 754 1494 scarum,
783 1419 925 1494 divinum,
950 1420 1074 1502 pontifi-

100 1517 183 1592 cium,
201 1515 430 1578 ecclesiasticum.
447 1517 593 1579 Dicitur:

137 1618 165 1674 l.
182 1612 237 1672 Jcs
250 1632 376 1688 socrum,
394 1619 461 1674 tum
484 1612 523 1674 ab
545 1619 676 1676 auctore
698 1630 756 1674 suo
779 1613 834 1692 qui
861 1619 908 1675 est
940 1631 1075 1693 persona

98 1727 196 1786 saera,
225 1727 342 1788 nempe
357 1711 498 1778 Christus
518 1716 550 1772 at
565 1710 778 1772 ecelesiastica
793 1716 935 1790 potestas
949 1712 987 1772 ah
1004 1712 1074 1792 ipso

98 1809 241 1872 instituta
251 1829 258 1883 ;
268 1813 337 1870 tum
347 1827 365 1870 a
375 1809 508 1871 materia
517 1809 604 1871 circa
613 1826 709 1890 quam
719 1815 877 1886 versatnr;
891 1814 960 1876 tum
969 1828 988 1870 a
997 1811 1071 1884 fine,

96 1907 303 1986 dirigitjenim
321 1908 359 1968 ad
376 1909 473 1969 finem
486 1924 621 1983 sacrum,
639 1893 764 1970 seilicet
775 1907 895 1970 honum
911 1906 1073 1986 spirituale

95 2008 241 2068 fidelium
256 2013 287 2069 et
300 2012 451 2070 aternam
468 2008 710 2070 beatitudinem.

133 2109 164 2166 2.
179 2104 235 2164 Jcs
249 2103 390 2179 divinem,
400 2106 449 2167 vel
463 2106 536 2184 quia
545 2106 681 2184 Spiritus
692 2106 722 2168 S.
731 2106 881 2168 Ecclesiae
896 2103 1073 2166 ministerio

95 2201 298 2280 disciplinam
309 2219 430 2264 sacram
442 2202 593 2264 informat
605 2219 613 2276 ;
626 2204 674 2264 vel
687 2204 761 2283 quia
767 2219 908 2265 canones
920 2207 992 2262 sunt
1000 2218 1075 2262 con--

94 2297 254 2359 clusiones
280 2299 426 2360 deducte
443 2315 480 2359 ex
493 2298 659 2378 principiis
674 2299 752 2378 legis
766 2299 898 2374 divinae;
926 2300 974 2360 vel
1000 2297 1074 2378 quia

89 2394 144 2472 jus
156 2393 242 2456 istud
251 2395 388 2456 divinam
400 2397 550 2458 Ecclesiae
558 2396 821 2460 constitutionem
834 2397 1071 2475 complectitur,

94 2492 172 2553 lieet
182 2510 220 2554 ex
234 2497 323 2573 parte
335 2493 453 2571 potiori
469 2494 511 2555 sit
524 2495 710 2556 humanum.

136 2593 164 2651 3.
178 2591 234 2651 Jcs
250 2591 449 2680 pontificium,
469 2593 532 2653 sive
545 2597 580 2653 ut
593 2611 611 2652 a
622 2592 694 2672 jure
722 2592 807 2655 civili
829 2592 1048 2672 distinguatur
1061 2611 1069 2664 ;

93 2688 158 2749 sive
185 2695 353 2768 propterea
379 2691 464 2769 quod
480 2707 497 2749 a
511 2691 651 2752 romanis
673 2690 882 2752 Pontificibus
913 2691 1071 2750 firmatum

92 2787 145 2862 sit,
156 2786 191 2847 id
204 2789 318 2861 est,vel
329 2788 494 2864 traditum,
505 2789 777 2864 velconstitutum‚
787 2789 836 2850 vel
842 2787 1068 2874 approbatum.

135 2888 166 2946 d.
191 2885 246 2945 Jcs
268 2885 498 2962 ecclesiastcam,
521 2893 590 2949 tum
617 2887 740 2950 ratione
766 2886 896 2966 objecti,
921 2883 1072 2963 quoniam

94 2982 160 3060 agit
174 2983 214 3044 de
225 2983 368 3062 personis
379 2989 410 3046 et
420 2984 512 3046 rebus
535 2984 774 3059 ecelesiasticis3
792 2988 861 3044 tum
876 2983 998 3042 ratione
1012 2981 1074 3041 ori·

93 3079 188 3155 ginis,
202 3082 275 3160 quia
287 3081 440 3142 nimirum
453 3083 668 3145 ecclesiastica
678 3087 835 3162 potestate
846 3083 999 3141 statutum
1011 3085 1070 3142 est.

135 3181 164 3239 5.
191 3177 245 3238 lus
272 3178 450 3240 canonicum.
470 3181 565 3242 Juxta
589 3196 716 3241 sensum
741 3178 831 3238 istius
854 3175 1003 3251 nominiS,
1021 3177 1072 3256 jus
1166 3244 1169 3249 ,

94 3275 345 3337 ecclesiasticum
362 3281 408 3337 est
415 3275 471 3356 jus
483 3276 629 3357 reputare,
643 3277 717 3354 quia
730 3292 833 3336 canon
848 3292 960 3355 graece,
974 3275 1072 3337 latine

126 3444 159 3505 ll)
170 3441 395 3504 Sehmalzgrueber,
410 3443 456 3491 las
470 3442 674 3504 ecclesiasticum,
687 3441 786 3492 dissert.
812 3455 927 3505 protam,
942 3440 994 3503 §L

124 3525 155 3583 (2)
168 3523 254 3585 Radix,
268 3522 299 3572 de
313 3523 452 3586 Principiis
458 3522 533 3587 juris
544 3525 666 3574 conectet.
682 3549 712 3558 -
725 3523 950 3585 Schmelrgruabor,
962 3522 1066 3571 Dissert.

93 3616 214 3665 protem„
230 3602 246 3666 ἓ
261 3605 289 3652 7.
