2630 4250
215 119 267 165 tes
392 116 548 164 exroslrlo
570 117 747 162 uuufloulca
765 117 849 163 runis
871 116 1028 162 canorum.

213 229 392 298 cardinales
408 235 644 313 subsequuntur
665 235 868 308 patriarchae,
895 235 1060 310 primates,
1077 236 1191 298 Archi-

214 334 367 412 episoopi‚
394 334 472 395 istos
495 333 656 412 Episcopi,
680 333 797 414 aliique
827 333 976 406 Praelati3
1007 338 1039 396 et
1060 334 1189 396 demum

212 432 319 494 caeteri
337 432 457 523 clerici.

251 530 303 590 ΠΙ.
321 530 407 590 Ordo
422 529 644 608 praecedentia
660 529 693 591 in
708 527 872 590 dioecesibus
890 546 902 588 .·

252 627 284 688 l.
302 628 337 686 ln
351 627 479 688 dioecesi
493 627 633 706 primum
645 626 752 687 locum
765 623 889 688 olitinet
901 624 1087 702 Episcopus.
1100 629 1187 688 llunc

212 729 388 802 sequuntur
404 725 546 786 vicarius
562 724 715 804 generalis
738 727 769 785 et
788 722 962 800 capitulum
984 741 1048 802 quo
1070 741 1188 804 repra·

212 825 353 882 sentatur
370 822 511 883 Ecclesia
535 821 736 896 cathedralis
752 809 865 882 decani
886 821 1015 894 rurales,
1042 821 1183 898 parochi,

212 925 243 978 et
257 919 396 998 reliquus
410 921 513 981 clerus
529 920 698 982 saecularis

250 1020 279 1076 2.
295 1017 430 1078 Ministri
453 1017 549 1078 etiam
564 1017 741 1093 inferiores
757 1017 782 1077 si
799 1017 994 1078 ornamentis
1009 1017 1107 1080 sacris
1125 1017 1187 1077 sint

211 1115 325 1189 induti,
338 1116 524 1193 praecedunt
539 1116 707 1196 dignitates
731 1115 846 1180 vestitu
868 1115 1032 1176 communi
1050 1119 1185 1176 utentes.

250 1215 280 1272 3.
297 1213 405 1273 Clarus
417 1213 577 1274 saecularis
591 1213 746 1292 praecedit
760 1215 947 1292 regularem.
979 1199 980 1204 ἵ

248 1312 277 1370 l.
295 1309 454 1389 Episcopo
468 1311 624 1391 competit
635 1312 688 1390 jus
702 1311 916 1390 componendi
932 1311 1003 1372 lites
1015 1312 1185 1391 depraece-

210 1407 341 1488 dentia(
361 1409 384 1488 ).

389 1593 410 1668 §¹
421 1592 447 1643 2.
460 1619 492 1630 -
506 1577 543 1644 lle
560 1593 721 1646 obedientia
737 1597 767 1646 st
782 1593 964 1656 reverentia(
982 1597 1003 1657 l.

247 1749 292 1808 Ex
310 1748 489 1826 majoritate
504 1749 681 1826 praesertim
693 1747 924 1828 jurisdictionis
941 1748 1084 1826 sequitur
1097 1764 1185 1809 reve·
1202 1798 1207 1809 .
1290 1821 1291 1828 ἵ

207 1847 308 1906 nentia
321 1851 353 1906 et
371 1846 564 1920 obedientia,
583 1864 680 1926 quam
696 1847 868 1926 majoribus
885 1847 1023 1908 minores
1035 1853 1183 1926 praestare
1290 1829 1291 1874 ἶ

207 1942 335 2004 debent.
1290 1999 1291 2012 ,

246 2041 268 2102 Ι.
284 2039 394 2114 Quibus
407 2039 544 2102 debeatur
553 2040 719 2102 obedientia
731 2043 878 2104 canoniea.
891 2047 1024 2105 -llane
1035 2043 1186 2105 obedien·
1290 2013 1291 2068 i

203 2139 292 2212 tiam,
310 2157 380 2216 quae
395 2141 434 2199 ad
450 2141 547 2200 finem
559 2139 710 2200 Ecclesiae
730 2141 990 2219 consequendum
1005 2141 1184 2202 necessaria
1290 2117 1291 2146 ³

203 2241 261 2309 est,
279 2236 386 2300 cuncti
400 2236 509 2296 fideles
524 2237 657 2297 Summo
670 2237 827 2307 Pontifici,
845 2237 1015 2298 dioecesani
1026 2237 1183 2316 suoEpis-
1290 2231 1291 2310 ἦ

160 2331 164 2339 ’
203 2350 296 2410 copo,
310 2335 468 2412 regulares
483 2334 547 2394 suis
561 2333 776 2412 superioribus
793 2340 944 2413 praestare
957 2339 1118 2397 tenentur.

243 2430 535 2512 obtemperandum
564 2439 612 2494 est
633 2433 724 2512 juxta
749 2437 939 2512 potestatem
953 2432 1182 2511 precipientis.

201 2528 566 2608 Nimirumpraecaetcris
579 2530 796 2593 obediendum
812 2535 857 2591 est
869 2531 1011 2591 Romano
1022 2529 1183 2606 Pontifici,
1290 2539 1291 2544 ’

200 2627 275 2704 qnia
290 2645 364 2689 cum
387 2629 457 2690 aliis
473 2628 689 2709 superioribus
714 2633 960 2689 concurrentem
980 2631 1011 2688 et
1024 2644 1183 2688 summam
1290 2639 1291 2648 ¹

196 2731 385 2804 potestatem
399 2728 505 2790 habet.
515 2728 728 2808 Metropolitae
741 2745 815 2789 vero
826 2727 1038 2806 suffraganeus
1051 2725 1183 2789 obedire

198 2831 321 2890 tenetur
334 2831 458 2886 tantum
473 2826 506 2885 in
521 2826 648 2887 casibus
669 2827 741 2906 jure
757 2825 987 2888 determinatis,
1008 2825 1179 2903 Regulares

197 2921 338 3001 deputati
352 2923 391 2982 ad
410 2921 597 3000 parochiam
609 2922 768 3001 Episcopo
783 2922 955 2998 subditam,
974 2923 1180 2984 circaeuram

194 3021 374 3080 animarum
387 3021 550 3098 Episcopo
564 3025 688 3098 parent,
704 3019 766 3080 suis
789 3038 862 3082 vero
880 3020 1022 3081 Praelatis
1037 3020 1123 3081 circa
1134 3037 1179 3082 re·

198 3119 341 3199 gularem
360 3117 607 3181 observantiam.

233 3221 271 3282 Il.
289 3219 492 3280 Jueumeutum
512 3219 668 3302 fidelitatis
687 3227 740 3280 cut
757 3217 904 3300 professio
927 3215 999 3300 fidei
1020 3218 1174 3298 plurimos

228 3387 260 3446 (t)
270 3386 346 3436 Cone.
358 3385 440 3446 Trld„
449 3399 512 3436 sess.
523 3387 600 3449 XXV,
615 3400 670 3448 cap.
682 3399 738 3436 xm.

223 3462 435 3528 (immutatum
450 3465 493 3512 lib.
505 3466 578 3526 l,·tit.
590 3478 680 3524 maur,
697 3465 729 3516 de
739 3464 886 3529 Majorttute
900 3465 924 3512 et
940 3459 1094 3513 otedtentiu.
