2588 4272
188 231 221 278 7⁸
356 227 511 276 nxrostrlo
530 226 706 274 nuncluce
727 227 809 274 tuuis
831 227 988 278 canonico

225 349 276 409 IV.
295 346 413 428 Tempus
434 345 606 438 requisitum
629 349 664 406 ut
681 347 877 407 consuetudo
901 345 1094 426 praescribat.
1120 344 1155 408 Si

187 444 383 508 consuetudo
394 443 539 522 procedit
552 442 827 516 viaconniventiae,
838 443 870 503 id
884 449 941 518 est,
958 444 984 503 si
997 459 1155 506 consensu

185 541 343 620 personali
368 541 555 620 legislatoris
577 540 735 614 innititur,
760 540 883 602 nullum
903 540 1076 620 requiritur
1099 529 1151 602 dess

184 639 388 702 terminatum
403 644 539 717 tempus,
555 638 611 699 sed
625 637 741 700 sufficit
759 637 845 716 quod
857 641 982 700 constet
997 637 1036 699 de
1060 637 1156 718 legis-

184 737 292 799 latoris
304 753 470 798 consensu.

224 835 257 898 Si
264 835 454 914 procedatur
462 831 778 912 viapraescriptionis,
791 831 982 896 decennium
992 832 1109 896 sufficit
1118 838 1155 895 ut

184 931 380 995 consuetudo
392 939 503 1012 praeter
514 930 603 1010 lepem
618 931 682 990 vim
692 931 772 1009 juris
787 935 1009 1013 consequatur.

224 1032 265 1092 Ut
291 1030 488 1092 consuetudo
509 1035 610 1088 eontra
633 1026 723 1107 lepem
755 1027 796 1090 sit
817 1028 1014 1108 praescripta,
1039 1029 1155 1090 saltem

185 1128 376 1190 decennium
391 1126 571 1205 requiritur,
584 1130 670 1188 certo
681 1126 968 1206 quadragintaanni
980 1127 1153 1189 sufficiunt.

183 1226 282 1306 igitur
307 1229 378 1286 ante
407 1223 614 1302 quadraginta
628 1239 735 1286 anuos
756 1223 852 1284 dubia
874 1230 921 1286 est
943 1215 1154 1298 consuetudo,

184 1329 216 1384 et
235 1325 287 1384 lex
300 1322 452 1404 possidet,
475 1321 535 1382 nisi
555 1321 689 1384 societas
714 1323 817 1402 legem
836 1308 875 1384 ut*
892 1323 1076 1404 abrogatam
1096 1323 1159 1386 ha-

183 1421 267 1484 beat.
361 1420 364 1426 ’

305 1606 418 1667 Quusrro
434 1609 466 1656 3⁸.
477 1631 508 1642 -
518 1603 611 1667 Quiane
623 1617 698 1656 uorus
708 1617 864 1656 consummo
875 1615 1027 1656 mnostrum

222 1775 422 1837 Consuetudo
436 1774 605 1853 abrogatur
627 1773 726 1834 tribus
744 1773 864 1836 modis:

221 1875 244 1935 l.
261 1867 323 1934 Per'
335 1871 658 1932 aliomeonsuetodinem
668 1871 856 1950 eontrarium.
869 1903 908 1917 -
917 1869 1158 1932 Sicutlexnora

181 1971 282 2051 priori
315 1971 456 2048 derogat,
491 1969 535 2031 ita
559 1970 756 2031 consuetudo
786 1987 858 2050 quae
889 1968 967 2050 legis
998 1969 1156 2030 rationem

181 2069 289 2130 habet.

221 2167 283 2228 Per
309 2165 399 2245 lepem
415 2165 668 2245 supervenientem.
686 2199 725 2214 -
735 2165 913 2246 Applicatio
928 2165 1021 2244 hujus
1035 2165 1156 2244 regulae
1245 2212 1246 2216 ,

184 2265 306 2328 diversa
318 2269 365 2325 est
379 2281 436 2342 pro
450 2263 542 2324 variis
556 2264 823 2326 consuetudinum
836 2263 1014 2342 speciebus.

224 2365 252 2424 l.
287 2361 554 2423 Consuetudinem
584 2361 776 2424 universalem
806 2361 938 2440 abrogat
968 2361 1019 2422 lex
1057 2377 1158 2440 gene-

184 2460 268 2521 ralis.

222 2563 251 2620 Ξ.
272 2558 470 2620 Consuetudo
487 2557 678 2639 particularis
697 2575 761 2619 non
784 2557 951 2636 abrogatur
971 2575 1029 2638 per
1049 2557 1157 2637 legem

184 2657 374 2737 generalem,
391 2655 450 2716 nisi
464 2656 497 2716 id
510 2657 712 2735 exprimatur.
730 2655 822 2717 itatio
838 2661 895 2734 est,
908 2656 982 2735 quia
991 2655 1159 2735 legislator

173 2753 598 2832 *censeturillamignorare

223 2851 329 2925 Qualis
356 2852 495 2912 clausula
514 2851 693 2930 requiratur
715 2855 750 2912 ut
773 2853 824 2912 lex
849 2851 1003 2931 generalis
1023 2849 1159 2930 abroget

184 2947 446 3013 consuetudinem
459 2949 710 3028 particularem?
730 2949 931 3012 Consuetudo
953 2948 1156 3030 particularis

182 3065 247 3109 non
267 3047 506 3108 immemorialis
521 3045 689 3124 abrogatur
700 3064 757 3126 per
774 3048 968 3110 clausulam:
990 3067 1003 3106 n
1016 3045 1085 3108 Non
1103 3044 1156 3106 ob-

182 3153 277 3206 stante
287 3145 417 3226 quolt'bet
430 3144 642 3206 consuetudine.
655 3167 670 3204 o

224 3245 426 3304 Consuetudo
449 3243 649 3322 particularis
671 3241 888 3304 immmortalis
916 3243 1060 3305 aboletur
1082 3245 1157 3303 tan·

183 3416 282 3470 sitvilis
294 3417 498 3477 auctoritasnon
510 3425 642 3470 esttamen
654 3431 732 3480 usque
748 3420 808 3468 adeo
822 3419 931 3468 valitura
947 3425 975 3467 ut
988 3419 1026 3468 vel
1047 3417 1155 3480 positivo

180 3497 233 3562 juri
249 3495 337 3546 debeat
356 3497 528 3559 prejudicium
547 3512 673 3561 generare,
685 3500 733 3550 nisi
753 3500 829 3551 tuerit
840 3499 994 3550 rationabilis
1006 3503 1031 3549 at
1043 3498 1154 3560 legitima

184 3576 339 3645 praescripta.
354 3595 366 3623 s

223 3801 238 3834 Q
