<?xml version="1.0" encoding="UTF-8"?>
<!DOCTYPE html PUBLIC "-//W3C//DTD XHTML 1.0 Transitional//EN"
    "http://www.w3.org/TR/xhtml1/DTD/xhtml1-transitional.dtd">
<html xmlns="http://www.w3.org/1999/xhtml" xml:lang="en" lang="en">
 <head>
  <title>
</title>
<meta http-equiv="Content-Type" content="text/html;charset=utf-8" />
  <meta name='ocr-system' content='tesseract 3.04.00' />
  <meta name='ocr-capabilities' content='ocr_page ocr_carea ocr_par ocr_line ocrx_word'/>
</head>
<body>
  <div class='ocr_page' id='page_1' title='image "./expositiomethod00hugugoog_0217.png"; bbox 0 0 2630 4250; ppageno 0'>
   <div class='ocr_carea' id='block_1_1' title="bbox 231 279 1039 344">
    <p class='ocr_par' dir='ltr' id='par_1_1' title="bbox 231 279 1039 344">
     <span class='ocr_line' id='line_1_1' title="bbox 231 279 1039 344; baseline -0.009 -9"><span class='ocrx_word' id='word_1_1' title='bbox 231 287 286 335; x_wconf 77' lang='lat' dir='ltr'>lta</span> <span class='ocrx_word' id='word_1_2' title='bbox 402 283 559 330; x_wconf 82' lang='lat' dir='ltr'>EXPOSITIO</span> <span class='ocrx_word' id='word_1_3' title='bbox 581 281 760 328; x_wconf 69' lang='lat' dir='ltr'>uuauonlcl</span> <span class='ocrx_word' id='word_1_4' title='bbox 779 281 862 327; x_wconf 77' lang='lat' dir='ltr'>roms</span> <span class='ocrx_word' id='word_1_5' title='bbox 884 279 1039 344; x_wconf 58' lang='lat' dir='ltr'>cononici.</span> 
     </span>
    </p>
   </div>
   <div class='ocr_carea' id='block_1_2' title="bbox 226 393 1210 579">
    <p class='ocr_par' dir='ltr' id='par_1_2' title="bbox 226 393 1210 579">
     <span class='ocr_line' id='line_1_2' title="bbox 228 393 1210 481; baseline -0.013 -15"><span class='ocrx_word' id='word_1_6' title='bbox 228 406 316 466; x_wconf 86' lang='lat' dir='ltr'>tione</span> <span class='ocrx_word' id='word_1_7' title='bbox 329 405 434 481; x_wconf 88' lang='lat' dir='ltr'>potest</span> <span class='ocrx_word' id='word_1_8' title='bbox 452 400 597 479; x_wconf 81' lang='lat' dir='ltr'>abrogari</span> <span class='ocrx_word' id='word_1_9' title='bbox 621 397 798 478; x_wconf 83' lang='lat' dir='ltr'>personalis</span> <span class='ocrx_word' id='word_1_10' title='bbox 812 397 1008 470; x_wconf 85' lang='lat' dir='ltr'>immunitas,</span> <span class='ocrx_word' id='word_1_11' title='bbox 1025 411 1086 472; x_wconf 91' lang='lat' dir='ltr'>qua</span> <span class='ocrx_word' id='word_1_12' title='bbox 1100 393 1210 456; x_wconf 88' lang='lat' dir='ltr'>clerici</span> 
     </span>
     <span class='ocr_line' id='line_1_3' title="bbox 226 496 1062 579; baseline -0.013 -18"><span class='ocrx_word' id='word_1_13' title='bbox 226 501 265 563; x_wconf 87' lang='lat' dir='ltr'>ab</span> <span class='ocrx_word' id='word_1_14' title='bbox 279 516 376 562; x_wconf 86' lang='lat' dir='ltr'>onere</span> <span class='ocrx_word' id='word_1_15' title='bbox 390 497 563 560; x_wconf 83' lang='lat' dir='ltr'>subeundae</span> <span class='ocrx_word' id='word_1_16' title='bbox 578 496 703 560; x_wconf 77' lang='lat' dir='ltr'>militie</span> <span class='ocrx_word' id='word_1_17' title='bbox 717 497 911 559; x_wconf 84' lang='lat' dir='ltr'>eximuntur.</span> <span class='ocrx_word' id='word_1_18' title='bbox 928 516 943 552; x_wconf 82' lang='lat' dir='ltr'>u</span> <span class='ocrx_word' id='word_1_19' title='bbox 969 575 971 579; x_wconf 10' lang='grc' dir='ltr'><em>Α</em></span> <span class='ocrx_word' id='word_1_20' title='bbox 1060 545 1062 552; x_wconf 81' lang='grc'>,</span> 
     </span>
    </p>
   </div>
   <div class='ocr_carea' id='block_1_3' title="bbox 580 719 917 776">
    <p class='ocr_par' dir='ltr' id='par_1_3' title="bbox 580 719 917 776">
     <span class='ocr_line' id='line_1_4' title="bbox 580 719 917 776; baseline -0.009 -1"><span class='ocrx_word' id='word_1_21' title='bbox 580 720 801 776; x_wconf 78' lang='lat' dir='ltr'><strong>ARTICULUS</strong></span> <span class='ocrx_word' id='word_1_22' title='bbox 821 719 851 774; x_wconf 93' lang='lat'>11</span> <span class='ocrx_word' id='word_1_23' title='bbox 914 747 917 754; x_wconf 87' lang='lat'>.</span> 
     </span>
    </p>
   </div>
   <div class='ocr_carea' id='block_1_4' title="bbox 483 885 948 945">
    <p class='ocr_par' dir='ltr' id='par_1_4' title="bbox 483 885 948 945">
     <span class='ocr_line' id='line_1_5' title="bbox 483 885 948 945; baseline -0.013 -15"><span class='ocrx_word' id='word_1_24' title='bbox 483 891 517 930; x_wconf 78' lang='lat' dir='ltr'>DE</span> <span class='ocrx_word' id='word_1_25' title='bbox 534 888 751 930; x_wconf 73' lang='lat' dir='ltr'><strong>OBLIGATIONIBUS</strong></span> <span class='ocrx_word' id='word_1_26' title='bbox 770 885 948 945; x_wconf 73' lang='lat' dir='ltr'>ocanlcoauu.</span> 
     </span>
    </p>
   </div>
   <div class='ocr_carea' id='block_1_5' title="bbox 185 1036 1306 2694">
    <p class='ocr_par' dir='ltr' id='par_1_5' title="bbox 223 1036 1306 1318">
     <span class='ocr_line' id='line_1_6' title="bbox 265 1036 1207 1120; baseline -0.005 -15"><span class='ocrx_word' id='word_1_27' title='bbox 265 1043 450 1105; x_wconf 87' lang='lat' dir='ltr'>Doctrinam</span> <span class='ocrx_word' id='word_1_28' title='bbox 463 1042 668 1120; x_wconf 87' lang='lat' dir='ltr'>epistolarum</span> <span class='ocrx_word' id='word_1_29' title='bbox 678 1037 886 1118; x_wconf 85' lang='lat' dir='ltr'><strong>pastoralium</strong></span> <span class='ocrx_word' id='word_1_30' title='bbox 898 1036 933 1100; x_wconf 67' lang='lat' dir='ltr'>S:</span> <span class='ocrx_word' id='word_1_31' title='bbox 942 1038 1031 1098; x_wconf 88' lang='lat' dir='ltr'>Pauli</span> <span class='ocrx_word' id='word_1_32' title='bbox 1040 1037 1140 1100; x_wconf 88' lang='lat' dir='ltr'>fusius</span> <span class='ocrx_word' id='word_1_33' title='bbox 1151 1055 1207 1100; x_wconf 87' lang='lat' dir='ltr'>ex·</span> 
     </span>
     <span class='ocr_line' id='line_1_7' title="bbox 224 1135 1208 1222; baseline -0.004 -20"><span class='ocrx_word' id='word_1_34' title='bbox 224 1145 348 1222; x_wconf 89' lang='lat' dir='ltr'>ponunt</span> <span class='ocrx_word' id='word_1_35' title='bbox 356 1146 425 1202; x_wconf 89' lang='lat' dir='ltr'>tum</span> <span class='ocrx_word' id='word_1_36' title='bbox 435 1139 613 1219; x_wconf 79' lang='lat' dir='ltr'>incorpore</span> <span class='ocrx_word' id='word_1_37' title='bbox 619 1138 700 1218; x_wconf 86' lang='lat' dir='ltr'>juris</span> <span class='ocrx_word' id='word_1_38' title='bbox 709 1137 824 1217; x_wconf 88' lang='lat' dir='ltr'>prolixi</span> <span class='ocrx_word' id='word_1_39' title='bbox 833 1141 984 1199; x_wconf 85' lang='lat' dir='ltr'>tractatus</span> <span class='ocrx_word' id='word_1_40' title='bbox 996 1135 1030 1197; x_wconf 85' lang='lat' dir='ltr'>de</span> <span class='ocrx_word' id='word_1_41' title='bbox 1040 1137 1101 1198; x_wconf 83' lang='lat' dir='ltr'>vito</span> <span class='ocrx_word' id='word_1_42' title='bbox 1115 1143 1144 1198; x_wconf 83' lang='lat' dir='ltr'>et</span> <span class='ocrx_word' id='word_1_43' title='bbox 1153 1137 1208 1198; x_wconf 82' lang='lat' dir='ltr'>lro-</span> 
     </span>
     <span class='ocr_line' id='line_1_8' title="bbox 223 1235 1202 1318; baseline -0.007 -15"><span class='ocrx_word' id='word_1_44' title='bbox 223 1246 333 1304; x_wconf 79' lang='lat' dir='ltr'>aestate</span> <span class='ocrx_word' id='word_1_45' title='bbox 342 1237 570 1318; x_wconf 81' lang='lat' dir='ltr'>elericorum(l),</span> <span class='ocrx_word' id='word_1_46' title='bbox 580 1242 649 1299; x_wconf 89' lang='lat' dir='ltr'>tum</span> <span class='ocrx_word' id='word_1_47' title='bbox 661 1239 752 1318; x_wconf 90' lang='lat' dir='ltr'>plura</span> <span class='ocrx_word' id='word_1_48' title='bbox 762 1236 867 1316; x_wconf 83' lang='lat' dir='ltr'>capita</span> <span class='ocrx_word' id='word_1_49' title='bbox 878 1235 1202 1298; x_wconf 81' lang='lat' dir='ltr'>eonoiliiTridentini.</span> 
     </span>
    </p>

    <p class='ocr_par' dir='ltr' id='par_1_6' title="bbox 185 1301 1306 2000">
     <span class='ocr_line' id='line_1_9' title="bbox 223 1327 1204 1414; baseline -0.005 -16"><span class='ocrx_word' id='word_1_50' title='bbox 223 1339 290 1398; x_wconf 90' lang='lat' dir='ltr'>Hoc</span> <span class='ocrx_word' id='word_1_51' title='bbox 302 1337 510 1398; x_wconf 85' lang='lat' dir='ltr'>fundamento</span> <span class='ocrx_word' id='word_1_52' title='bbox 520 1336 701 1397; x_wconf 90' lang='lat' dir='ltr'>innituntur</span> <span class='ocrx_word' id='word_1_53' title='bbox 712 1334 818 1396; x_wconf 91' lang='lat' dir='ltr'>omnia</span> <span class='ocrx_word' id='word_1_54' title='bbox 830 1351 902 1414; x_wconf 85' lang='lat' dir='ltr'>quae</span> <span class='ocrx_word' id='word_1_55' title='bbox 915 1327 1013 1395; x_wconf 87' lang='lat' dir='ltr'>serius</span> <span class='ocrx_word' id='word_1_56' title='bbox 1026 1333 1059 1392; x_wconf 92' lang='lat' dir='ltr'>in</span> <span class='ocrx_word' id='word_1_57' title='bbox 1073 1334 1204 1412; x_wconf 84' lang='lat' dir='ltr'>synodis</span> 
     </span>
     <span class='ocr_line' id='line_1_10' title="bbox 221 1429 1306 1526; baseline -0.003 -32"><span class='ocrx_word' id='word_1_58' title='bbox 221 1434 285 1495; x_wconf 89' lang='lat' dir='ltr'>sive</span> <span class='ocrx_word' id='word_1_59' title='bbox 296 1431 544 1512; x_wconf 82' lang='lat' dir='ltr'>provincialibus</span> <span class='ocrx_word' id='word_1_60' title='bbox 560 1433 623 1494; x_wconf 88' lang='lat' dir='ltr'>sive</span> <span class='ocrx_word' id='word_1_61' title='bbox 639 1430 829 1492; x_wconf 79' lang='lat' dir='ltr'>dioecesanis</span> <span class='ocrx_word' id='word_1_62' title='bbox 841 1429 926 1491; x_wconf 90' lang='lat' dir='ltr'>circa</span> <span class='ocrx_word' id='word_1_63' title='bbox 941 1429 1087 1516; x_wconf 85' lang='lat' dir='ltr'>eamdem</span> <span class='ocrx_word' id='word_1_64' title='bbox 1101 1437 1202 1492; x_wconf 89' lang='lat' dir='ltr'>mate·</span> <span class='ocrx_word' id='word_1_65' title='bbox 1305 1435 1306 1526; x_wconf 66' lang='lat' dir='ltr'>l</span> 
     </span>
     <span class='ocr_line' id='line_1_11' title="bbox 223 1528 1306 1612; baseline -0.004 -20"><span class='ocrx_word' id='word_1_66' title='bbox 223 1532 302 1595; x_wconf 87' lang='lat' dir='ltr'>riam</span> <span class='ocrx_word' id='word_1_67' title='bbox 317 1528 526 1594; x_wconf 87' lang='lat' dir='ltr'>saluberrime</span> <span class='ocrx_word' id='word_1_68' title='bbox 542 1530 717 1610; x_wconf 88' lang='lat' dir='ltr'>constituta</span> <span class='ocrx_word' id='word_1_69' title='bbox 733 1534 818 1590; x_wconf 87' lang='lat' dir='ltr'>sunt.</span> <span class='ocrx_word' id='word_1_70' title='bbox 1305 1529 1306 1612; x_wconf 52' lang='grc' dir='ltr'>Τ</span> 
     </span>
     <span class='ocr_line' id='line_1_12' title="bbox 185 1620 1202 1708; baseline -0.002 -18"><span class='ocrx_word' id='word_1_71' title='bbox 185 1672 187 1675; x_wconf 90' lang='grc'><strong>-</strong></span> <span class='ocrx_word' id='word_1_72' title='bbox 261 1620 383 1708; x_wconf 71' lang='lat' dir='ltr'>Duplca</span> <span class='ocrx_word' id='word_1_73' title='bbox 409 1629 614 1708; x_wconf 79' lang='lat' dir='ltr'>distinguitur</span> <span class='ocrx_word' id='word_1_74' title='bbox 637 1645 737 1708; x_wconf 85' lang='lat' dir='ltr'>genus</span> <span class='ocrx_word' id='word_1_75' title='bbox 765 1643 873 1689; x_wconf 89' lang='lat' dir='ltr'>earum</span> <span class='ocrx_word' id='word_1_76' title='bbox 898 1621 1202 1706; x_wconf 75' lang='lat' dir='ltr'>praescriptionum:</span> 
     </span>
     <span class='ocr_line' id='line_1_13' title="bbox 220 1713 1306 1806; baseline 0 -20"><span class='ocrx_word' id='word_1_77' title='bbox 220 1727 381 1789; x_wconf 90' lang='lat' dir='ltr'>nonnullis</span> <span class='ocrx_word' id='word_1_78' title='bbox 394 1727 517 1805; x_wconf 87' lang='lat' dir='ltr'>legibus</span> <span class='ocrx_word' id='word_1_79' title='bbox 529 1724 705 1806; x_wconf 72' lang='lat' dir='ltr'>qeneruliter</span> <span class='ocrx_word' id='word_1_80' title='bbox 721 1725 897 1804; x_wconf 84' lang='lat' dir='ltr'>injungitur</span> <span class='ocrx_word' id='word_1_81' title='bbox 914 1713 1055 1786; x_wconf 82' lang='lat' dir='ltr'>studium</span> <span class='ocrx_word' id='word_1_82' title='bbox 1075 1727 1205 1804; x_wconf 86' lang='lat' dir='ltr'>perfec·</span> <span class='ocrx_word' id='word_1_83' title='bbox 1305 1727 1306 1806; x_wconf 69' lang='lat' dir='ltr'>J</span> 
     </span>
     <span class='ocr_line' id='line_1_14' title="bbox 219 1823 1202 1902; baseline -0.004 -16"><span class='ocrx_word' id='word_1_84' title='bbox 219 1825 316 1886; x_wconf 85' lang='lat' dir='ltr'>tionis</span> <span class='ocrx_word' id='word_1_85' title='bbox 351 1824 517 1899; x_wconf 86' lang='lat' dir='ltr'>clericalis,</span> <span class='ocrx_word' id='word_1_86' title='bbox 550 1823 731 1902; x_wconf 70' lang='lat' dir='ltr'>prasertim</span> <span class='ocrx_word' id='word_1_87' title='bbox 765 1841 840 1885; x_wconf 89' lang='lat' dir='ltr'>vero</span> <span class='ocrx_word' id='word_1_88' title='bbox 870 1823 1012 1885; x_wconf 84' lang='lat' dir='ltr'>officium</span> <span class='ocrx_word' id='word_1_89' title='bbox 1040 1823 1202 1884; x_wconf 85' lang='lat' dir='ltr'>excitandi</span> 
     </span>
     <span class='ocr_line' id='line_1_15' title="bbox 220 1911 1202 2000; baseline 0 -20"><span class='ocrx_word' id='word_1_90' title='bbox 220 1922 386 1982; x_wconf 83' lang='lat' dir='ltr'>fidelesad</span> <span class='ocrx_word' id='word_1_91' title='bbox 402 1921 552 2000; x_wconf 87' lang='lat' dir='ltr'>virtutem</span> <span class='ocrx_word' id='word_1_92' title='bbox 567 1921 715 2000; x_wconf 83' lang='lat' dir='ltr'>exemplo</span> <span class='ocrx_word' id='word_1_93' title='bbox 738 1921 810 1982; x_wconf 82' lang='lat' dir='ltr'>vitae</span> <span class='ocrx_word' id='word_1_94' title='bbox 826 1911 1039 2000; x_wconf 71' lang='lat' dir='ltr'>integerrima</span> <span class='ocrx_word' id='word_1_95' title='bbox 1057 1939 1064 1980; x_wconf 92' lang='lat'>:</span> <span class='ocrx_word' id='word_1_96' title='bbox 1085 1919 1202 1982; x_wconf 78' lang='lat' dir='ltr'>«Nihil</span> 
     </span>
    </p>

    <p class='ocr_par' dir='ltr' id='par_1_7' title="bbox 218 2018 1306 2278">
     <span class='ocr_line' id='line_1_16' title="bbox 220 2018 1203 2098; baseline 0.002 -19"><span class='ocrx_word' id='word_1_97' title='bbox 220 2022 277 2093; x_wconf 89' lang='lat' dir='ltr'>est,</span> <span class='ocrx_word' id='word_1_98' title='bbox 294 2019 379 2096; x_wconf 92' lang='lat' dir='ltr'>quod</span> <span class='ocrx_word' id='word_1_99' title='bbox 393 2018 471 2079; x_wconf 86' lang='lat' dir='ltr'>alios</span> <span class='ocrx_word' id='word_1_100' title='bbox 485 2018 584 2097; x_wconf 86' lang='lat' dir='ltr'>magis</span> <span class='ocrx_word' id='word_1_101' title='bbox 599 2020 640 2079; x_wconf 87' lang='lat' dir='ltr'>ad</span> <span class='ocrx_word' id='word_1_102' title='bbox 655 2019 809 2098; x_wconf 87' lang='lat' dir='ltr'>pietatem</span> <span class='ocrx_word' id='word_1_103' title='bbox 824 2025 855 2080; x_wconf 89' lang='lat' dir='ltr'>et</span> <span class='ocrx_word' id='word_1_104' title='bbox 867 2018 923 2080; x_wconf 87' lang='lat' dir='ltr'>Dei</span> <span class='ocrx_word' id='word_1_105' title='bbox 942 2019 1063 2081; x_wconf 90' lang='lat' dir='ltr'>cultum</span> <span class='ocrx_word' id='word_1_106' title='bbox 1074 2019 1203 2081; x_wconf 88' lang='lat' dir='ltr'>assidue</span> 
     </span>
     <span class='ocr_line' id='line_1_17' title="bbox 218 2115 1306 2197; baseline 0.004 -21"><span class='ocrx_word' id='word_1_107' title='bbox 218 2117 367 2192; x_wconf 82' lang='lat' dir='ltr'>instruat,</span> <span class='ocrx_word' id='word_1_108' title='bbox 384 2135 479 2197; x_wconf 90' lang='lat' dir='ltr'>quarn</span> <span class='ocrx_word' id='word_1_109' title='bbox 501 2135 613 2179; x_wconf 90' lang='lat' dir='ltr'>eorum</span> <span class='ocrx_word' id='word_1_110' title='bbox 626 2117 690 2178; x_wconf 87' lang='lat' dir='ltr'>vita</span> <span class='ocrx_word' id='word_1_111' title='bbox 703 2122 735 2178; x_wconf 86' lang='lat' dir='ltr'>et</span> <span class='ocrx_word' id='word_1_112' title='bbox 751 2117 944 2194; x_wconf 86' lang='lat' dir='ltr'>exemplum,</span> <span class='ocrx_word' id='word_1_113' title='bbox 959 2115 1019 2194; x_wconf 84' lang='lat' dir='ltr'>qui‘</span> <span class='ocrx_word' id='word_1_114' title='bbox 1033 2131 1067 2176; x_wconf 86' lang='lat' dir='ltr'>sc</span> <span class='ocrx_word' id='word_1_115' title='bbox 1089 2115 1202 2178; x_wconf 90' lang='lat' dir='ltr'>divino</span> <span class='ocrx_word' id='word_1_116' title='bbox 1305 2159 1306 2180; x_wconf 51' lang='lat' dir='ltr'>i</span> 
     </span>
     <span class='ocr_line' id='line_1_18' title="bbox 220 2211 1206 2278; baseline 0 -3"><span class='ocrx_word' id='word_1_117' title='bbox 220 2215 397 2276; x_wconf 87' lang='lat' dir='ltr'>ministerio</span> <span class='ocrx_word' id='word_1_118' title='bbox 408 2215 608 2277; x_wconf 77' lang='lat' dir='ltr'>dedicarunt.</span> <span class='ocrx_word' id='word_1_119' title='bbox 625 2215 827 2278; x_wconf 81' lang='lat' dir='ltr'>Gumenirna</span> <span class='ocrx_word' id='word_1_120' title='bbox 842 2212 937 2275; x_wconf 85' lang='lat' dir='ltr'>rebus</span> <span class='ocrx_word' id='word_1_121' title='bbox 950 2211 1057 2274; x_wconf 89' lang='lat' dir='ltr'>saeculi</span> <span class='ocrx_word' id='word_1_122' title='bbox 1067 2213 1206 2275; x_wconf 89' lang='lat' dir='ltr'>iu&#39;altio-</span> 
     </span>
    </p>

    <p class='ocr_par' dir='ltr' id='par_1_8' title="bbox 206 2305 1306 2593">
     <span class='ocr_line' id='line_1_19' title="bbox 206 2305 1306 2394; baseline 0 -22"><span class='ocrx_word' id='word_1_123' title='bbox 206 2329 287 2384; x_wconf 84' lang='lat' dir='ltr'>reru</span> <span class='ocrx_word' id='word_1_124' title='bbox 311 2311 425 2375; x_wconf 84' lang='lat' dir='ltr'>sublati</span> <span class='ocrx_word' id='word_1_125' title='bbox 449 2315 556 2376; x_wconf 88' lang='lat' dir='ltr'>locum</span> <span class='ocrx_word' id='word_1_126' title='bbox 578 2312 827 2394; x_wconf 87' lang='lat' dir='ltr'>conspiciantur,</span> <span class='ocrx_word' id='word_1_127' title='bbox 849 2309 883 2371; x_wconf 93' lang='lat' dir='ltr'>in</span> <span class='ocrx_word' id='word_1_128' title='bbox 902 2329 967 2386; x_wconf 68' lang='lat' dir='ltr'>cos</span> <span class='ocrx_word' id='word_1_129' title='bbox 988 2311 1138 2389; x_wconf 86' lang='lat' dir='ltr'>tanquam</span> <span class='ocrx_word' id='word_1_130' title='bbox 1169 2311 1208 2372; x_wconf 88' lang='lat' dir='ltr'>in</span> <span class='ocrx_word' id='word_1_131' title='bbox 1305 2305 1306 2308; x_wconf 63' lang='grc'>’</span> 
     </span>
     <span class='ocr_line' id='line_1_20' title="bbox 219 2403 1206 2494; baseline 0.003 -24"><span class='ocrx_word' id='word_1_132' title='bbox 219 2411 383 2488; x_wconf 88' lang='lat' dir='ltr'>speculum</span> <span class='ocrx_word' id='word_1_133' title='bbox 405 2411 520 2489; x_wconf 85' lang='lat' dir='ltr'>reliqui</span> <span class='ocrx_word' id='word_1_134' title='bbox 536 2412 646 2473; x_wconf 91' lang='lat' dir='ltr'>oculos</span> <span class='ocrx_word' id='word_1_135' title='bbox 673 2409 861 2490; x_wconf 86' lang='lat' dir='ltr'>conjiciunt,</span> <span class='ocrx_word' id='word_1_136' title='bbox 879 2403 1036 2494; x_wconf 79' lang='lat' dir='ltr'>ex&#39;iis&#39;que</span> <span class='ocrx_word' id='word_1_137' title='bbox 1055 2419 1206 2486; x_wconf 87' lang='lat' dir='ltr'>sumunt,</span> 
     </span>
     <span class='ocr_line' id='line_1_21' title="bbox 220 2507 916 2593; baseline -0.003 -23"><span class='ocrx_word' id='word_1_138' title='bbox 220 2509 305 2588; x_wconf 88' lang='lat' dir='ltr'>quod</span> <span class='ocrx_word' id='word_1_139' title='bbox 319 2509 486 2570; x_wconf 80' lang='lat' dir='ltr'>imitentur</span> <span class='ocrx_word' id='word_1_140' title='bbox 499 2509 541 2593; x_wconf 69' lang='lat'>(2)</span> <span class='ocrx_word' id='word_1_141' title='bbox 555 2555 561 2570; x_wconf 89' lang='lat'>.</span> <span class='ocrx_word' id='word_1_142' title='bbox 576 2531 589 2568; x_wconf 84' lang='lat' dir='ltr'>u</span> <span class='ocrx_word' id='word_1_143' title='bbox 911 2507 916 2514; x_wconf 77' lang='grc'><strong>“</strong></span> 
     </span>
    </p>

    <p class='ocr_par' dir='ltr' id='par_1_9' title="bbox 238 2605 1066 2694">
     <span class='ocr_line' id='line_1_22' title="bbox 238 2605 1066 2694; baseline 0.001 -27"><span class='ocrx_word' id='word_1_144' title='bbox 238 2671 241 2677; x_wconf 23' lang='grc' dir='ltr'>ι</span> <span class='ocrx_word' id='word_1_145' title='bbox 257 2606 294 2668; x_wconf 88' lang='lat' dir='ltr'>Iu</span> <span class='ocrx_word' id='word_1_146' title='bbox 304 2607 394 2692; x_wconf 75' lang='lat' dir='ltr'>,specie</span> <span class='ocrx_word' id='word_1_147' title='bbox 408 2607 478 2668; x_wconf 85' lang='lat' dir='ltr'>haec</span> <span class='ocrx_word' id='word_1_148' title='bbox 491 2611 627 2694; x_wconf 85' lang='lat' dir='ltr'>quatuor</span> <span class='ocrx_word' id='word_1_149' title='bbox 640 2623 658 2664; x_wconf 89' lang='lat' dir='ltr'>a</span> <span class='ocrx_word' id='word_1_150' title='bbox 670 2605 845 2666; x_wconf 85' lang='lat' dir='ltr'>canonibus</span> <span class='ocrx_word' id='word_1_151' title='bbox 860 2605 1046 2668; x_wconf 82' lang='lat' dir='ltr'>ordinantur</span> <span class='ocrx_word' id='word_1_152' title='bbox 1059 2624 1066 2668; x_wconf 89' lang='lat'>:</span> 
     </span>
    </p>
   </div>
   <div class='ocr_carea' id='block_1_6' title="bbox 254 2739 1091 3070">
    <p class='ocr_par' dir='ltr' id='par_1_10' title="bbox 256 2739 761 2810">
     <span class='ocr_line' id='line_1_23' title="bbox 256 2739 761 2810; baseline -0.006 -14"><span class='ocrx_word' id='word_1_153' title='bbox 256 2745 272 2806; x_wconf 60' lang='grc' dir='ltr'>ὅ</span> <span class='ocrx_word' id='word_1_154' title='bbox 294 2745 318 2797; x_wconf 87' lang='lat' dir='ltr'>l.</span> <span class='ocrx_word' id='word_1_155' title='bbox 338 2741 487 2810; x_wconf 81' lang='lat' dir='ltr'>Praecipua</span> <span class='ocrx_word' id='word_1_156' title='bbox 495 2741 609 2796; x_wconf 85' lang='lat' dir='ltr'>virtutis</span> <span class='ocrx_word' id='word_1_157' title='bbox 623 2739 761 2796; x_wconf 86' lang='lat' dir='ltr'>subsidia.</span> 
     </span>
    </p>

    <p class='ocr_par' dir='ltr' id='par_1_11' title="bbox 254 2827 1091 2992">
     <span class='ocr_line' id='line_1_24' title="bbox 254 2827 1091 2910; baseline -0.002 -28"><span class='ocrx_word' id='word_1_158' title='bbox 254 2833 270 2894; x_wconf 65' lang='lat' dir='ltr'>fi</span> <span class='ocrx_word' id='word_1_159' title='bbox 292 2831 318 2884; x_wconf 72' lang='lat'>2.</span> <span class='ocrx_word' id='word_1_160' title='bbox 338 2828 466 2884; x_wconf 82' lang='lat' dir='ltr'>Virtutes</span> <span class='ocrx_word' id='word_1_161' title='bbox 479 2827 663 2886; x_wconf 84' lang='lat' dir='ltr'>clericorum.</span> <span class='ocrx_word' id='word_1_162' title='bbox 1035 2901 1049 2906; x_wconf 22' lang='lat' dir='ltr'>ss</span> <span class='ocrx_word' id='word_1_163' title='bbox 1086 2898 1091 2910; x_wconf 30' lang='grc' dir='ltr'>ι</span> 
     </span>
     <span class='ocr_line' id='line_1_25' title="bbox 255 2915 1019 2992; baseline -0.001 -20"><span class='ocrx_word' id='word_1_164' title='bbox 255 2920 271 2983; x_wconf 69' lang='grc' dir='ltr'><strong>ς</strong></span> <span class='ocrx_word' id='word_1_165' title='bbox 289 2918 315 2972; x_wconf 86' lang='grc'>3.</span> <span class='ocrx_word' id='word_1_166' title='bbox 336 2917 456 2988; x_wconf 85' lang='lat' dir='ltr'>Negotia</span> <span class='ocrx_word' id='word_1_167' title='bbox 469 2920 498 2972; x_wconf 86' lang='lat' dir='ltr'>ct</span> <span class='ocrx_word' id='word_1_168' title='bbox 509 2916 724 2992; x_wconf 82' lang='lat' dir='ltr'>oblectamenta</span> <span class='ocrx_word' id='word_1_169' title='bbox 736 2915 849 2972; x_wconf 72' lang='lat' dir='ltr'>clerIcis</span> <span class='ocrx_word' id='word_1_170' title='bbox 861 2915 1019 2988; x_wconf 86' lang='lat' dir='ltr'>prohibita.</span> 
     </span>
    </p>

    <p class='ocr_par' dir='ltr' id='par_1_12' title="bbox 254 3005 629 3070">
     <span class='ocr_line' id='line_1_26' title="bbox 254 3005 629 3070; baseline -0.003 -10"><span class='ocrx_word' id='word_1_171' title='bbox 254 3008 269 3070; x_wconf 64' lang='grc' dir='ltr'><strong>ς</strong></span> <span class='ocrx_word' id='word_1_172' title='bbox 292 3005 319 3062; x_wconf 82' lang='lat' dir='ltr'>l.</span> <span class='ocrx_word' id='word_1_173' title='bbox 340 3005 463 3062; x_wconf 85' lang='lat' dir='ltr'>Vestitus</span> <span class='ocrx_word' id='word_1_174' title='bbox 478 3005 629 3062; x_wconf 87' lang='lat' dir='ltr'>clericalis.</span> 
     </span>
    </p>
   </div>
   <div class='ocr_carea' id='block_1_7' title="bbox 258 3197 1213 3443">
    <p class='ocr_par' dir='ltr' id='par_1_13' title="bbox 258 3197 1213 3443">
     <span class='ocr_line' id='line_1_27' title="bbox 409 3197 979 3264; baseline 0.004 -17"><span class='ocrx_word' id='word_1_175' title='bbox 409 3197 411 3201; x_wconf 86' lang='lat'>&#39;</span> <span class='ocrx_word' id='word_1_176' title='bbox 436 3198 451 3262; x_wconf 61' lang='grc' dir='ltr'><strong>ξ</strong></span> <span class='ocrx_word' id='word_1_177' title='bbox 468 3197 496 3249; x_wconf 84' lang='grc'>1.</span> <span class='ocrx_word' id='word_1_178' title='bbox 513 3225 544 3236; x_wconf 94' lang='grc'>-</span> <span class='ocrx_word' id='word_1_179' title='bbox 558 3197 702 3264; x_wconf 77' lang='lat' dir='ltr'>Praecipua</span> <span class='ocrx_word' id='word_1_180' title='bbox 716 3198 832 3250; x_wconf 84' lang='lat' dir='ltr'>virtutis</span> <span class='ocrx_word' id='word_1_181' title='bbox 845 3197 979 3251; x_wconf 84' lang='lat' dir='ltr'>subsidia.</span> 
     </span>
     <span class='ocr_line' id='line_1_28' title="bbox 258 3351 1213 3443; baseline 0.01 -33"><span class='ocrx_word' id='word_1_182' title='bbox 258 3352 327 3410; x_wconf 89' lang='lat' dir='ltr'>Duo</span> <span class='ocrx_word' id='word_1_183' title='bbox 351 3357 424 3412; x_wconf 90' lang='lat' dir='ltr'>sunt</span> <span class='ocrx_word' id='word_1_184' title='bbox 448 3352 611 3443; x_wconf 81' lang='lat' dir='ltr'>praecipua</span> <span class='ocrx_word' id='word_1_185' title='bbox 637 3352 761 3416; x_wconf 84' lang='lat' dir='ltr'>virtutis</span> <span class='ocrx_word' id='word_1_186' title='bbox 786 3353 937 3428; x_wconf 82' lang='lat' dir='ltr'>subsidia,</span> <span class='ocrx_word' id='word_1_187' title='bbox 962 3351 1077 3430; x_wconf 90' lang='lat' dir='ltr'>quihus</span> <span class='ocrx_word' id='word_1_188' title='bbox 1103 3356 1213 3420; x_wconf 80' lang='lat' dir='ltr'>veluti</span> 
     </span>
    </p>
   </div>
   <div class='ocr_carea' id='block_1_8' title="bbox 217 3517 1215 3668">
    <p class='ocr_par' dir='ltr' id='par_1_14' title="bbox 217 3517 1215 3668">
     <span class='ocr_line' id='line_1_29' title="bbox 248 3517 1215 3586; baseline 0.007 -18"><span class='ocrx_word' id='word_1_189' title='bbox 248 3517 354 3582; x_wconf 80' lang='lat' dir='ltr'>(llIlist.</span> <span class='ocrx_word' id='word_1_190' title='bbox 367 3523 454 3583; x_wconf 64' lang='lat' dir='ltr'>atr-50,</span> <span class='ocrx_word' id='word_1_191' title='bbox 469 3521 495 3571; x_wconf 80' lang='lat' dir='ltr'>iu</span> <span class='ocrx_word' id='word_1_192' title='bbox 510 3524 614 3574; x_wconf 76' lang='lat' dir='ltr'>Decreto</span> <span class='ocrx_word' id='word_1_193' title='bbox 627 3525 754 3575; x_wconf 80' lang='lat' dir='ltr'>Gratiani.</span> <span class='ocrx_word' id='word_1_194' title='bbox 772 3551 803 3560; x_wconf 91' lang='lat'><em>-</em></span> <span class='ocrx_word' id='word_1_195' title='bbox 814 3525 867 3574; x_wconf 88' lang='lat' dir='ltr'>Lib.</span> <span class='ocrx_word' id='word_1_196' title='bbox 878 3524 919 3585; x_wconf 81' lang='grc' dir='ltr'><strong>ΙΙΙ,</strong></span> <span class='ocrx_word' id='word_1_197' title='bbox 938 3524 976 3574; x_wconf 82' lang='lat' dir='ltr'>tit.</span> <span class='ocrx_word' id='word_1_198' title='bbox 994 3537 1012 3586; x_wconf 88' lang='lat' dir='ltr'>r,</span> <span class='ocrx_word' id='word_1_199' title='bbox 1029 3523 1056 3572; x_wconf 83' lang='lat' dir='ltr'>in</span> <span class='ocrx_word' id='word_1_200' title='bbox 1078 3525 1215 3580; x_wconf 81' lang='lat' dir='ltr'>Decreta·</span> 
     </span>
     <span class='ocr_line' id='line_1_30' title="bbox 217 3597 823 3668; baseline 0.013 -21"><span class='ocrx_word' id='word_1_201' title='bbox 217 3597 330 3649; x_wconf 82' lang='lat' dir='ltr'>libus.-</span> <span class='ocrx_word' id='word_1_202' title='bbox 346 3599 379 3664; x_wconf 76' lang='lat'>(2)</span> <span class='ocrx_word' id='word_1_203' title='bbox 392 3602 456 3651; x_wconf 85' lang='lat' dir='ltr'>Sess.</span> <span class='ocrx_word' id='word_1_204' title='bbox 469 3603 548 3667; x_wconf 87' lang='lat' dir='ltr'>XXll,</span> <span class='ocrx_word' id='word_1_205' title='bbox 564 3617 619 3666; x_wconf 81' lang='lat' dir='ltr'>cap.</span> <span class='ocrx_word' id='word_1_206' title='bbox 633 3619 651 3666; x_wconf 86' lang='lat'>1,</span> <span class='ocrx_word' id='word_1_207' title='bbox 665 3605 697 3654; x_wconf 83' lang='lat' dir='ltr'>de</span> <span class='ocrx_word' id='word_1_208' title='bbox 715 3605 823 3668; x_wconf 66' lang='lat' dir='ltr'>Referta.</span> 
     </span>
    </p>
   </div>
   <div class='ocr_carea' id='block_1_9' title="bbox 0 0 1320 4250">
    <p class='ocr_par' dir='ltr' id='par_1_15' title="bbox 0 0 1320 4250">
     <span class='ocr_line' id='line_1_31' title="bbox 0 0 1320 4250; baseline 0 4"><span class='ocrx_word' id='word_1_209' title='bbox 0 0 1320 4250; x_wconf 95' lang='lat' dir='ltr'> </span> 
     </span>
    </p>
   </div>
  </div>
 </body>
</html>
