2588 4272
217 191 251 240 86
380 193 537 238 expostum
560 193 735 240 necdentes
756 195 839 242 tuuis
860 167 1013 240 canonici

530 411 670 462 Libertates
683 411 810 474 gallicanae
821 413 867 476 (1).
886 381 891 384 “

253 569 458 630 Innotescunt
470 584 507 628 ex
522 584 628 628 earum
642 565 773 644 origine,
789 565 1002 628 declaratione
1016 571 1048 627 et
1060 583 1193 628 consec-

213 665 311 728 tariis.
1036 671 1037 674 ’

254 763 278 822 1.
295 761 421 822 Illorum
433 763 525 842 oripo,
536 795 577 808 —
588 763 749 838 Nonnulli,
763 762 977 825 Gallicanismi
992 767 1098 824 ortum
1109 780 1195 840 praa-

215 861 301 922 claro
318 861 449 921 nomine
471 861 565 920 etiam
584 860 752 922 honestare
769 861 945 933 studentes,
958 861 1057 920 ,illum
1075 877 1195 938 magna

215 973 289 1017 cum
311 956 425 1034 injuria
445 957 475 1018 S.
500 957 660 1018 Ludovioo
688 960 729 1019 IX
759 957 952 1028 adscribunt.
979 959 1060 1019 Vera
1083 961 1195 1016 tamen

216 1070 324 1115 earum
354 1053 442 1132 origo
478 1055 649 1132 repetenda
686 1061 734 1117 est
765 1056 980 1116 amiserrima
1011 1055 1195 1116 schismatis

185 1157 188 1162 '
215 1149 419 1213 occidentalis
435 1155 537 1225 aetate,
553 1169 590 1212 cx
612 1170 675 1230 quo
693 1157 847 1230 tempore,
862 1153 1008 1231 plurimis
1022 1151 1124 1213 causis
1141 1169 1196 1212 ur-

215 1247 373 1327 gentibus,
390 1267 419 1309 v.
446 1267 479 1328 g.
511 1249 652 1310 studiosa
681 1251 834 1311 malarum
862 1250 1042 1328 passionum
1066 1249 1192 1323 indole,

153 1389 160 1394 -
214 1346 463 1423 protestantismi
480 1347 681 1426 contagione,
698 1349 946 1410 Jansenistarum
963 1348 1084 1422 fraude,
1107 1345 1193 1425 poli·

213 1441 286 1503 ticae
312 1444 475 1521 potestatis
499 1444 656 1522 superbia,
679 1446 797 1506 sensim
819 1446 1030 1507 increverunt.
1050 1448 1193 1506 Demum

214 1540 408 1601 solemnibus
434 1543 577 1604 formulis
601 1543 727 1604 fuerunt
749 1561 915 1622 expressae,
945 1561 1053 1622 quum,
1080 1543 1194 1604 Ludo-

213 1629 283 1699 rico
301 1639 370 1700 XIV
386 1639 532 1700 adversus
553 1641 775 1702 Innocentium
797 1643 837 1702 XI
855 1641 985 1702 hostiles
999 1641 1122 1701 animos
1138 1659 1191 1720 ge

213 1739 315 1808 rente,
329 1733 367 1794 ab
383 1734 541 1812 aliquibus
556 1735 732 1814 Episcopis,
750 1753 833 1795 anno
850 1737 926 1796 1682
941 1735 1084 1812 ejusdem
1105 1737 1193 1812 regis

211 1831 305 1909 jussu
315 1831 524 1909 congregatis,
544 1833 629 1893 edita
643 1839 690 1895 est
706 1834 825 1894 famosa
842 1837 977 1912 quatuor
994 1833 1193 1910 propositio-

214 1944 291 1988 num
306 1928 487 1990 declaratio.

253 2025 291 2086 ΙΙ.
306 2021 518 2087 Declorotiom's
526 2035 653 2108 quotuor
662 2029 793 2089 articuli.
803 2028 975 2089 -Primus
983 2033 1041 2102 est,
1055 2028 1092 2088 R.
1105 2029 1192 2089 Pon-

215 2120 354 2182 tificibus
367 2123 487 2184 nnllam
506 2143 572 2186 esse
591 2126 623 2186 in
645 2143 745 2205 regeS,
769 2132 864 2204 atque
881 2125 915 2185 in
933 2125 1037 2187 civilia
1059 2127 1192 2204 negotia

214 2235 254 2281 ne
267 2218 455 2283 indirectam
468 2223 598 2301 quidem
611 2214 811 2303 potestatem.

254 2321 309 2392 2¹¹⁵,
327 2319 459 2381 Concilii
478 2323 632 2400 generalis
646 2322 868 2384 auctoritatem
880 2322 917 2382 R.
939 2321 1191 2384 Pontificisauc-

214 2416 342 2484 toritate
359 2436 426 2480 esse
441 2421 647 2500 superiorem.
768 2427 770 2431 ’

253 2514 309 2586 3¹¹⁸,
325 2514 517 2576 Potestatem
533 2516 623 2576 Sedis
639 2515 831 2594 Apostolicae
853 2513 1007 2576 coarctari
1022 2513 1051 2592 a)
1061 2531 1118 2592 per
1136 2531 1193 2574 ca·

213 2625 312 2671 nones
326 2609 393 2690 jam
410 2613 572 2688 conditos3
592 2613 624 2690 b)
642 2630 699 2691 per
719 2612 962 2673 consuetudines
984 2615 1077 2688 atque
1095 2610 1192 2671 insti-

213 2711 282 2769 tuta
294 2725 312 2768 a
326 2725 435 2786 regno,
449 2715 481 2770 et
493 2708 532 2770 ab
547 2711 687 2772 Ecclesia
702 2710 855 2788 gallicana
868 2713 1005 2786 recepta.

251 2810 308 2880 4¹¹⁵,
326 2807 366 2868 R.
386 2807 548 2868 Pontificis
559 2809 717 2886 judicium
731 2804 895 2868 infallibile
913 2806 1113 2868 censendum
1123 2823 1191 2868 non

216 2919 293 2976 esse,
310 2902 370 2964 nisi
383 2905 533 2966 Ecclesiae
546 2923 716 2966 consensus
732 2905 873 2966 accedat.

254 3001 306 3062 ΙΙΙ.
320 2997 513 3061 Comeetaria.
527 3003 666 3064 —Licet
677 3003 715 3061 ad
726 3001 901 3063 Ecclesiam
915 2999 1104 3062 turbandam
1114 3001 1190 3079 plu-

215 3097 295 3156 rima
304 3115 341 3158 ex
353 3097 391 3158 iis
405 3099 674 3176 propositionibus
685 3099 801 3159 deduci
810 3097 1012 3177 possint,tria
1023 3097 1187 3159 tamenin-

214 3193 298 3252 ielici
320 3193 502 3256 celebritate
524 3195 657 3274 insignia
679 3196 850 3270 dimanant,
876 3212 946 3273 quae
970 3194 1066 3254 veluti
1095 3196 1186 3272 regni

215 3289 359 3352 instituta
368 3291 406 3350 ad
417 3292 547 3353 tertium
559 3293 727 3355 articulum
739 3297 926 3354 revocantur
939 3309 946 3351 :

246 3456 280 3520 (ll
294 3458 422 3519 Tarquini,
432 3461 678 3521 Iasldutionmjuria
688 3461 794 3526 publici,
808 3463 854 3512 lib.
872 3461 904 3524 ΙΙ,
916 3475 972 3524 cap.
985 3476 1012 3512 u.
1033 3487 1065 3500 -
1076 3463 1189 3527 Audisio,

217 3524 774 3616 prosapiammendaciumn,man,
790 3545 828 3592 ao.
868 3591 871 3595 ,
