2588 4272
413 197 488 244 rans
508 197 688 244 euasurus.
756 185 758 192 ’
1012 159 1045 248 ia

113 311 156 372 Ex
180 309 303 390 triplici
325 313 387 375 fine
406 331 474 391 suu,
496 332 599 393 pceuae
623 317 696 376 sunt
710 329 785 393 erga
806 313 1048 392 delinquentem

79 406 252 470 meditantes
257 428 271 486 ;
283 427 358 492 erga
368 413 481 490 socios,
496 412 676 495 cumplures
683 430 697 489 ;
707 429 781 492 erga
787 413 945 490 ordinem,
959 431 1044 494 repa·

80 507 205 572 tutrices.

397 649 425 697 2.
442 647 575 696 Poenarum
586 645 722 710 objectum.

113 793 137 855 1.
147 792 305 875 'objectum
317 812 471 875 penarum
486 794 517 855 iu
527 813 641 875 penore.
655 795 805 855 -Poena
819 797 868 855 est
878 790 1051 873 plautiano

80 892 192 954 malum
205 891 245 953 ab
267 893 457 955 auctoritate
473 893 642 970 inflictum,
666 893 706 954 ad
721 890 945 955 vindicandam
966 891 1051 954 inor-

81 989 273 1052 dinationem
292 989 413 1052 delicti.

115 1088 256 1164 Materia,
266 1089 399 1167 qualitas
408 1093 441 1150 et
450 1087 788 1170 proportiopoenarum
796 1087 944 1150 taliaesse
956 1086 1052 1149 debet

83 1204 146 1265 quae
162 1187 437 1248 conservationem
448 1185 568 1248 ordinis
582 1186 707 1248 socialis
725 1185 876 1262 obtineat,
892 1185 1051 1264 siquidem

82 1303 176 1364 poenae
191 1285 384 1346 adhibentur
397 1290 546 1364 tanquam
558 1285 701 1347 medium
710 1285 749 1345 ad
758 1284 844 1346 hrmc
858 1285 956 1346 finem
969 1281 1052 1346 obti-

83 1382 230 1447 nendum.

116 1481 152 1540 ll.
172 1479 323 1562 Objectum
335 1499 492 1562 penarum
513 1480 780 1543 ecclesiastieorum.
796 1513 837 1524 —
850 1480 969 1539 Praeter
983 1494 1054 1538 sau-

85 1577 215 1639 clionem
236 1583 401 1656 aeternam,
427 1579 569 1641 Ecclesia
587 1577 683 1640 habet
701 1594 809 1656 poenas
825 1575 885 1637 sibi
905 1574 1050 1656 proprias
1137 1625 1138 1632 ,

86 1674 113 1734 in
126 1681 214 1738 terra.

119 1774 231 1835 Earum
246 1773 408 1853 objectum
422 1779 494 1834 sunt
508 1773 591 1836 bona
606 1771 842 1835 communionis
857 1770 1049 1846 christiana,

87 1889 191 1952 nempe
211 1873 283 1952 jura
306 1871 370 1933 sive
388 1871 556 1950 generalia,
579 1871 642 1932 sive
671 1869 831 1950 specialia,
850 1887 921 1949 quaa
943 1869 1052 1932 adeles
1100 1889 1101 1893 ¹

89 1976 222 2032 exercent
236 1975 388 2049 tanquam
404 1969 548 2030 membra
562 1967 724 2031 Ecclesiae.

120 2068 256 2131 Ecclesia
285 2068 348 2129 suis
376 2068 478 2146 peanis
501 2067 673 2146 aliquando
694 2067 767 2146 jura
781 2065 975 2145 hujusmodi,
1003 2066 1051 2127 vel

90 2167 193 2244 omnia,
215 2168 264 2230 vel
284 2168 430 2246 quaedam
451 2169 576 2228 tantum
596 2164 773 2244 suspendit.
790 2164 971 2243 Aliquando
985 2181 1050 2225 non

89 2271 198 2327 lantum
213 2265 388 2346 suspendit,
404 2266 459 2326 sed
474 2263 571 2326 etiam
586 2262 669 2326 tollit
684 2263 743 2324 ista
753 2261 825 2340 jura
836 2262 884 2323 vel
895 2261 1048 2340 totaliter,

89 2365 130 2426 rel
141 2365 247 2428 saltem
263 2383 301 2428 ex
315 2369 419 2444 partes

295 2560 318 2609 3.
335 2555 434 2618 Species
446 2566 576 2618 poeuuum
590 2551 825 2605 ecclesiasticarum.

122 2708 255 2770 Ecclesia
268 2709 369 2772 utitur
389 2708 490 2787 peanis
513 2703 696 2768 uindicatiuis
716 2709 747 2766 et
760 2699 985 2765 eudieiuolibus.
1002 2703 1050 2764 lta

90 2803 233 2884 dicuntur,
247 2807 320 2886 quia
332 2807 534 2886 potissimum
545 2803 736 2866 adhibentur
748 2801 813 2863 illae
826 2801 864 2862 ad
876 2799 1048 2862 vindictam

90 2903 232 2982 criminis3
249 2905 329 2980 ista,
347 2905 386 2966 ad
401 2903 614 2983 delinquentis
627 2899 894 2962 emendationem.
993 2919 997 2952 ·.
1067 2945 1080 2958 .,

122 3003 218 3065 Prenae
231 3003 429 3065 vindicativaa
450 3003 522 3063 sunt
543 3001 592 3063 vel
607 2997 778 3079 tenporales
790 2997 839 3058 vel
851 2993 1032 3077 spirituales.

122 3094 286 3176 Pracipuae
307 3114 409 3175 pmuae
425 3094 641 3169 medicinales,
658 3109 713 3155 seu
734 3107 873 3165 ceusuroe,
900 3092 973 3150 sunt
995 3105 1048 3148 aa·

90 3193 304 3271 conmunicatio,
320 3193 475 3275 suspensio,
490 3189 686 3254 interdictum.

309 3391 331 3440 l.
350 3387 447 3449 Quibus
460 3387 539 3438 modis
550 3399 631 3448 poeuae
643 3382 801 3446 infliguntur.
861 3459 862 3466 ἵ

124 3537 218 3602 Poenae
239 3537 279 3602 ab
300 3493 441 3604 Ecclesia
462 3539 647 3618 infliguntur
659 3535 779 3616 duplici
794 3535 890 3598 modo
911 3553 918 3596 ε
937 3539 964 3598 l.
985 3533 1048 3614 ipso
