2588 4272
440 225 514 270 PARS
535 223 715 270 aurursus.
1027 222 1060 268 85

141 345 170 407 si
189 345 226 405 de
244 342 396 404 validitate
409 346 530 422 agatur,
546 341 691 402 Pontifici
706 341 790 402 velut
804 357 953 419 supremo
966 340 1063 420 legis·

107 442 184 504 latori
193 441 347 520 competit
358 445 498 518 potestas
510 440 543 499 in
554 439 605 517 jus
618 455 807 510 commune;
822 438 980 516 siquidem
994 437 1062 498 Pri·

87 609 89 614 ,
107 546 224 600 matusa
242 539 366 602 Christo
376 539 420 599 ita
433 537 596 600 institutus
611 542 672 612 est,
687 541 722 597 ut
735 536 823 596 nulla
835 536 973 598 humana
988 552 1063 596 auo-

108 638 219 699 toritate
233 636 523 698 circumscribatur.

137 734 164 796 Si
175 752 246 796 vero
261 735 301 796 de
313 734 421 796 le'ce‘tote
435 735 476 794 sit
489 750 604 808 sermo,
618 731 790 809 requiritur
805 731 933 809 quidam
944 735 980 792 ut
993 747 1064 792 mu·

105 833 169 894 tatio
182 850 245 894 non
265 833 319 892 fiat
332 831 392 892 nisi
412 829 592 892 rationabili
611 831 650 890 de
668 847 771 891 causa.
789 831 905 893 Verum
919 829 1061 908 ejusdam

105 930 141 990 rei
151 929 304 1009 J'udicium
318 931 360 1004 R.¹
372 929 519 990 Pontifici
534 928 732 1006 relinquitur.

135 1029 225 1106 Igitur
239 1028 292 1106 jus
312 1028 481 1100 nationale,
502 1026 598 1088 etiam
612 1026 667 1087 ubi
682 1027 721 1090 ab
741 1025 872 1106 antiquo
883 1029 955 1106 jure
975 1045 1062 1092 oom-

105 1125 180 1186 nuni
193 1143 283 1187 suam
298 1125 387 1186 ducit
401 1124 569 1202 originem,
583 1142 648 1186 non
663 1131 708 1186 est
720 1125 912 1190 inviolabile.

135 1223 283 1285 Probatur
296 1226 327 1286 3·
341 1241 412 1304 pars
427 1241 440 1283 .·
458 1224 494 1282 R.
517 1224 662 1284 Pontifex
682 1231 799 1302 potest,
813 1227 897 1306 justa
915 1225 1059 1304 exigente

104 1337 190 1394 causa,
207 1321 332 1382 irritare
348 1321 399 1399 jus
417 1321 606 1382 canonicum
620 1322 790 1400 nationale,
810 1324 904 1386 etiam
923 1325 1061 1384 Concor·

105 1419 170 1480 datis
182 1420 354 1479 firmatum.

135 1518 363 1578 Concordatum
376 1517 461 1576 enim
480 1521 640 1596 spectatur
659 1519 707 1578 vel
726 1523 761 1578 ut
780 1517 996 1596 privilegium,
1010 1519 1060 1580 rol

103 1619 130 1674 ut
140 1620 333 1700 contractus,
345 1614 378 1675 Si
393 1615 492 1692 prius,
508 1615 655 1675 Pontifex
666 1614 762 1676 babet
777 1619 965 1694 potestatem
981 1615 1060 1676 illud

103 1711 247 1786 irritandi;
264 1729 337 1772 nam
351 1729 387 1772 ex
398 1712 481 1791 gravi
492 1729 585 1772 causa
596 1718 728 1791 possunt
737 1712 899 1791 privilegia
908 1712 1058 1776 revocari.

135 1809 162 1870 Si
175 1810 341 1888 posterius,
359 1809 505 1870 Pontifici
526 1808 602 1870 licet
617 1810 700 1872 bunc
717 1815 926 1884 contractum,
943 1812 991 1872 vel
1005 1828 1060 1872 an-

101 1913 202 1968 nuente
219 1913 374 1985 potestate
391 1907 474 1968 civili
489 1906 680 1983 rescindere,
699 1910 746 1970 vel
761 1926 826 1970 non
840 1909 968 1971 servatis
983 1926 1059 1972 cou-
1084 1921 1086 1924 ·

101 2004 263 2068 ditionibus
278 2005 448 2076 rescissum
462 2006 633 2066 declarare.

329 2213 442 2273 Quusrro
458 2214 490 2262 2⁸.
504 2211 579 2262 -Du
590 2225 650 2261 runs
662 2224 804 2263 aeturnum.

129 2366 147 2422 l.
158 2368 245 2424 Recta
259 2367 338 2423 notio
350 2367 424 2438 juris
434 2367 580 2439 gallicani.

128 2456 158 2511 ll.
172 2457 222 2512 lus
234 2457 406 2514 canonicum
419 2458 450 2513 in
462 2457 554 2514 Gallia
564 2457 675 2528 rigens.
691 2470 693 2475 ·

347 2645 367 2695 1.
379 2671 408 2684 -
420 2648 496 2698 Recta
512 2648 579 2698 notio
589 2647 654 2708 juris
665 2647 791 2708 gallicani.

128 2803 151 2856 l.
163 2800 304 2870 Rejicitur
317 2799 547 2857 Gallicanismus.

126 2891 152 2946 2.
164 2889 305 2947 Definitur
313 2890 362 2963 jus
376 2890 563 2962 gallicanum.

390 3085 412 3132 1.
424 3081 543 3143 Reticitur
558 3082 758 3134 Gallicaniamus.

125 3238 150 3290 l.
162 3233 319 3292 Libertates
329 3235 487 3306 gallicana.

123 3325 149 3381 2.
162 3323 245 3381 lstius
258 3325 416 3396 systematis
431 3323 599 3382 confutatio.

600 3440 651 3512 μ
