2630 4250
447 301 520 346 PARS
542 301 706 346 sedemus.
1011 305 1063 357 209

129 420 366 487 Reservationes
382 425 453 482 sunt
464 419 614 498 antiquae.
629 421 699 480 Non
710 421 830 482 laedunt
845 422 1065 485 auctoritatem

15 555 16 576 1
39 585 41 590 ,
90 517 302 596 episcopalem
317 535 412 596 quam
430 519 501 598 jure
524 517 632 578 divino
646 519 829 579 moderatur
843 519 956 580 Christi
972 521 1064 583 Vica·

90 615 188 688 rius,a
203 633 266 694 quo
283 620 388 694 potest
401 615 508 693 augeri
519 615 567 676 vei
577 614 734 692 restringi.
745 615 1066 694 Sicutquaedamioca

89 717 117 774 et
129 730 274 792 personae
282 713 495 792 jurisdictioni
510 712 740 791 Episcoporum
761 713 903 774 subtrahi
917 721 1059 794 possunt,

87 807 129 868 ita
147 813 286 886 potestas
305 826 415 871 eorum
429 825 494 870 uon
517 806 613 872 habet
627 813 747 869 certam
763 810 1064 872 determinationem

87 907 207 968 ratione
215 923 336 980 rerum,
354 907 497 984 proinde,
509 906 566 968 sub
577 907 638 967 isto
651 911 797 984 respectu
809 907 891 968 intra
911 909 1064 986 quosdam

62 1076 64 1081 ,
87 1003 203 1066 limites
216 1004 422 1066 continetura
433 1006 565 1066 Summo
580 1003 743 1080 Pontifice,
761 1004 896 1066 cuilicet
908 1005 1061 1084 quasdam

87 1103 230 1164 materias
242 1103 301 1164 sibi
313 1121 483 1170 reservare.

122 1203 242 1261 Dantur
257 1202 401 1279 exempta
420 1199 512 1262 istius
530 1199 609 1278 juris
625 1220 633 1260 ε
649 1199 905 1279 irregularitates,
923 1201 1062 1280 impedi·

86 1303 190 1360 menta
208 1299 425 1373 matrimonii,
451 1315 541 1359 casus
562 1299 711 1360 reservati
740 1299 873 1360 Summo
897 1299 1056 1370 Pontifici,

86 1397 276 1476 dispensatio
293 1397 357 1458 voti
370 1397 530 1470 solemnis,
547 1401 622 1472 eto,
647 1397 823 1475 generatim
842 1397 881 1456 ab
901 1397 1061 1476 Episcopo

86 1511 145 1555 non
163 1494 322 1572 pendent.

46 1594 47 1598 ’
122 1592 174 1653 iil.
191 1589 340 1670 Supremo
354 1589 491 1649 donorum
508 1587 762 1648 ecclesiasticorum
775 1587 1002 1650 administratio.
1020 1621 1060 1636 -

88 1691 248 1748 Romanus
265 1686 422 1761 Pontifex,
444 1702 518 1746 cum
542 1683 582 1746 sit
606 1685 721 1746 Christi
739 1685 894 1760 vicarius,
916 1691 946 1748 et
961 1688 1061 1766 Caput

87 1782 246 1856 Ecclesiae,
270 1782 302 1842 in
325 1781 406 1844 bona
428 1781 584 1844 liselesiae⁴
592 1778 650 1843 Dei
664 1782 791 1844 servitio
810 1784 937 1845 addicta
953 1793 1062 1864 supre-

89 1895 169 1938 mum
182 1877 233 1956 jus
247 1875 530 1937 administrationis
545 1881 682 1938 exercet.
709 1875 774 1936 Etsi
794 1878 925 1954 quidem
951 1897 1060 1941 eorum
1141 1917 1143 1920 .

15 2005 20 2014 ·
59 2027 63 2034 .
88 1974 240 2036 honorum
253 1974 401 2034 domiuus
416 1973 499 2034 haud
517 1979 603 2036 recte
618 1993 636 2034 a
658 1976 819 2039 nonnuliis
837 1977 904 2056 ipsc
919 1977 1056 2054 dicatur,

88 2078 188 2134 tamen
201 2072 229 2132 ei
239 2071 394 2149 competit
402 2071 453 2149 jus
464 2071 607 2133 debonis
616 2073 840 2135 ecciesiasticis
854 2075 1056 2153 disponendi,

89 2174 176 2248 prout
186 2170 269 2230 salus
281 2168 409 2247 publiea
419 2169 451 2228 id
467 2172 618 2247 postulat.

122 2267 229 2346 Igitur,
255 2271 407 2344 tanquam
431 2283 599 2345 supremus
621 2269 869 2342 administrator,
907 2271 1058 2348 privative

88 2365 197 2443 gaudet
209 2365 371 2438 facultate,
388 2365 500 2426 eadem
511 2363 594 2427 bona
608 2364 641 2424 in
656 2365 787 2425 notabili
797 2367 971 2444 quantitate
984 2368 1058 2430 alie-

89 2461 188 2538 nandi,
205 2462 244 2522 ¹in
260 2461 339 2522 aiios
359 2479 432 2522 usus
449 2461 665 2523 convertendi.
687 2463 817 2539 Pariter,
841 2463 915 2542 quia
935 2483 1060 2526 summa

90 2560 266 2622 auctoritate
277 2559 562 2638 Ecclesiaepraecst,
574 2559 779 2640 ejusdemque
789 2577 955 2638 personam
967 2561 1058 2639 gerit,

88 2658 172 2732 vaiet,
190 2663 286 2736 prout
301 2657 378 2718 utile
390 2657 492 2718 visum
506 2657 612 2731 inerit,
631 2657 811 2718 detentores
825 2657 984 2718 bonorum
1006 2673 1061 2718 ec-

89 2754 331 2817 clesiasticorum
344 2755 394 2815 vel
411 2755 451 2814 ed
472 2755 706 2825 restitutionem
721 2771 846 2834 cogere,
870 2756 919 2816 vel
932 2754 1059 2816 restitu-

99 2851 200 2914 ionem
215 2853 262 2914 eis
280 2853 461 2914 condonare
477 2852 530 2932 (i).
826 2850 827 2853 ’

122 2949 172 3014 IV.
187 2949 241 3010 Jus
255 2969 422 3030 supremum
434 2949 602 3030 conserendi
612 2950 760 3033 beneficia.

123 3046 317 3128 Primipiom.
333 3049 432 3108 -Ad
453 3049 620 3110 Summum
643 3049 830 3111 Pontificem
850 3049 988 3128 pertinet
1000 3065 1061 3126 po-

89 3147 176 3206 testas
187 3145 295 3207 omnia
309 3145 407 3207 totius
418 3147 577 3208 -ueclesiae
597 3145 752 3208 beneficia
770 3145 968 3219 conferendi,
986 3145 1060 3224 quia

90 3239 149 3317 ipse
162 3249 210 3316 est
224 3243 410 3305 Ordinarius
425 3238 569 3304 omnium
585 3243 836 3318 Ordineriorum,
849 3244 969 3304 hebens
983 3261 1061 3305 con·
1103 3320 1105 3328 γ

90 3327 260 3424 currentem
279 3341 538 3420 jurisdictionem
556 3357 629 3402 cum
645 3340 793 3402 omnibus
805 3341 957 3402 Ecclesiae
975 3343 1060 3403 Prae·

89 3497 140 3548 nodi
149 3492 316 3565 pistoriensis,
331 3505 427 3558 seilicet
436 3512 541 3568 sextam,
552 3505 815 3571 septimam,octavam
827 3505 916 3568 quibus
927 3507 968 3568 jus
979 3519 1056 3558 reser-

89 3575 207 3629 vetiouum
218 3589 334 3644 negatur.

118 3657 150 3720 (1)
165 3661 348 3712 Concordatum
363 3663 459 3726 Gulliae,
475 3669 544 3728 1801,
556 3672 605 3716 art.
622 3667 680 3718 Xii.
913 3691 917 3704 ¹

456 3777 460 3788 ,
481 3777 483 3780 .
583 3777 584 3780 ,
913 3746 958 3791 ts.
