2604 4270
479 198 706 245 PRAENOTIONES.
1042 199 1074 255 ³³.

114 313 505 391 elesiastieae.,Traditiones
520 315 634 376 divinae
645 321 718 377 sunt
731 315 963 393 immutabiles;
978 317 1075 378 tradi·

114 411 201 472 tiones
220 428 294 472 vero
314 411 498 490 apostolieae
517 416 550 473 et
571 413 796 474 ecclesiastieae
820 415 859 474 ad
884 413 936 492 jus
959 413 1074 476 humu-

113 525 175 568 num
189 509 358 586 pertinent.

143 609 177 666 ll.
200 606 317 668 Novom
353 605 563 668 Testamentum
585 611 633 669 est
653 607 734 686 juris
768 595 976 670 ecelesiastici
1003 607 1075 671 fons

112 702 292 780 praeoipuus3
330 703 449 766 etenim
480 721 519 764 ex
540 703 610 781 ipso
638 704 818 766 luculenter
842 710 1009 767 sumuntur
1037 722 1075 766 ea

113 801 203 860 omnia
220 814 291 878 quae
305 802 345 861 ad
361 801 413 880 jus
428 801 593 879 publicum
617 802 769 863 Ecclesia
788 803 990 881 potissimum
1005 820 1074 882 spe-

112 901 194 958 ctant.
209 899 288 959 Sane
303 915 342 960 ex
356 898 447 958 libris
462 901 499 960 N.
514 899 709 962 Testamenti
722 899 827 960 divina
837 901 1074 962 Eoolesiaeoon-

111 998 217 1058 stitutio
241 997 483 1072 determinatur,
509 997 572 1058 sive
597 1003 743 1077 respectu
762 999 878 1078 gradus
898 1015 995 1076 quem
1013 999 1072 1059 Ee-

111 1095 191 1156 olesia
212 1113 277 1174 prae
300 1097 424 1157 eaeteris
458 1096 663 1158 societatibus
678 1097 812 1172 obtinet,
836 1097 899 1158 sive
924 1100 1072 1174 respectu

62 1256 63 1262 ἵ
111 1193 255 1270 potestatis
274 1198 308 1254 et
327 1193 443 1254 virium
466 1193 580 1273 quibus
601 1195 737 1273 praedita
757 1200 814 1270 est,
838 1195 903 1255 sive
923 1197 1072 1272 respectu

62 1277 63 1352 l
110 1306 297 1366 personarum
313 1290 348 1350 in
363 1291 477 1369 quibus
489 1295 628 1369 potestas
637 1292 768 1354 residet.
1103 1278 1106 1284 ’

143 1389 298 1464 Preterea,
314 1390 424 1449 multae
439 1389 524 1467 leges
537 1389 760 1451 eeclesiastico
774 1389 937 1468 applicant
947 1389 1071 1466 regulas

112 1486 249 1564 generales
264 1503 282 1545 a
294 1488 363 1546 Deo
376 1486 409 1544 in
422 1485 593 1564 seripturis
606 1487 748 1548 traditas,
762 1487 854 1547 Unde
864 1486 908 1545 ait
918 1487 1071 1546 Innocen-

113 1583 162 1643 tius
171 1584 207 1643 lll
220 1602 225 1642 :
239 1583 532 1644 Exanetoritotihus
548 1582 579 1646 V.
594 1591 622 1644 et
633 1583 675 1645 N.
692 1583 866 1644 Testamenti
871 1590 1072 1664 processerunt

112 1681 231 1741 cononice
241 1677 414 1742 sanctones.
1017 1752 1032 1794 V

386 1883 422 1932 De
435 1896 482 1932 usu
497 1883 592 1932 Veteris
605 1881 770 1934 Testamenti.

140 2053 179 2112 Ne
191 2051 356 2112 videamur
370 2055 425 2112 aut
433 2049 603 2128 judaizare,
620 2055 674 2112 aut
682 2050 733 2128 jus
747 2049 890 2110 divinum
905 2067 1065 2128 spernere,

112 2147 317 2225 distinguenda
329 2151 401 2207 sunt
412 2147 473 2208 tria
488 2164 603 2226 genera
616 2153 851 2226 preceptorum
863 2147 979 2226 quibus
991 2164 1069 2233 oon7

110 2248 156 2304 stat
174 2246 220 2306 lex
241 2251 345 2325 vetus,
370 2261 485 2323 nempe
512 2244 654 2320 moralia,
683 2245 917 2307 caeremonialia
931 2250 962 2306 et
981 2245 1068 2324 judi-

109 2341 192 2404 cialia.
971 2336 974 2342 ’

62 2497 63 2520 ¹
138 2440 158 2500 l.
172 2442 264 2519 Leges
274 2434 413 2501 morales
423 2441 460 2502 V.
474 2438 667 2500 Testamenti
682 2439 837 2500 habendas
850 2443 933 2513 sunt,
950 2439 983 2500 in
995 2440 1066 2518 jure

108 2539 253 2613 canonico,
269 2543 425 2615 tanquam
440 2535 622 2598 authentica
639 2537 858 2616 interpretatio
874 2537 953 2616 juris
973 2542 1068 2599 natu-

62 2651 63 2708 3
110 2634 182 2707 ralis;
196 2636 373 2715 respiciunt
387 2634 474 2695 enim
493 2634 643 2695 Hebraeos
659 2651 721 2711 qua
734 2633 889 2695 homines.

62 2763 63 2806 3
138 2733 174 2794 ll.
192 2735 237 2793 lix
248 2735 324 2812 jure
344 2731 560 2794 oaeremoniali
581 2737 611 2793 et
627 2731 772 2810 judiciali
789 2731 984 2806 ludaeorum,
1002 2748 1067 2792 non

61 2849 63 2896 t
108 2827 170 2891 lieet
189 2834 376 2910 argumenta
398 2832 565 2892 desumere
581 2829 667 2890 velut
685 2847 722 2891 ex
740 2830 812 2908 jure
835 2829 941 2890 divino
964 2827 1068 2890 adhuo

61 2980 62 3000 2
106 2926 223 3004 rigente.
245 2929 376 2990 Etenim
394 2929 455 2990 hoe
471 2929 532 3006 jus,
551 2945 614 3006 quo
634 2927 747 3006 religio
761 2930 793 2987 et
808 2929 905 2986 status
919 2925 1068 3004 politicus
1138 2971 1141 2976 .

62 3039 63 3078 t
109 3026 175 3102 apud
198 3027 351 3088 Hehraeos
371 3025 572 3104 regebantur,
597 3025 721 3104 expleta
741 3023 985 3101 Redemptione,
1004 3023 1068 3084 vim

110 3139 181 3183 suam
201 3125 319 3187 amisit.
345 3123 434 3186 Siout
453 3124 539 3186 enim
559 3124 723 3203 synagoga
743 3123 781 3182 de
801 3119 907 3181 medio
928 3121 1069 3182 tollenda

62 3263 63 3274 ,
110 3225 170 3296 erat,
188 3227 346 3300 quatenus
360 3213 420 3282 suit
435 3238 523 3282 mera
535 3221 635 3299 figura
647 3218 809 3292 Eoolesiae,
823 3217 866 3278 ita
880 3220 912 3277 et
927 3217 992 3295 ejus
1002 3219 1069 3280 oul-

61 3327 63 3368 ί
110 3319 145 3376 tus
168 3336 202 3380 ao
217 3319 343 3398 politia,
370 3337 440 3398 quae
456 3337 522 3398 prae
544 3315 734 3378 seferehant
754 3314 894 3375 indolem
919 3314 1037 3394 imperf
1057 3347 1069 3360 ·

111 3417 175 3474 etam
186 3419 368 3480 transiturae
381 3416 540 3478 societatis
555 3416 594 3475 ad
609 3431 706 3496 quam
721 3413 959 3476 ordinabantur.

138 3511 183 3574 lll.
205 3515 299 3578 Istius
319 3515 401 3596 juris
425 3513 657 3578 ceremoniam
684 3518 716 3576 et
735 3512 896 3592 judicialis
919 3513 1068 3593 quadam
