<?xml version="1.0" encoding="UTF-8"?>
<!DOCTYPE html PUBLIC "-//W3C//DTD XHTML 1.0 Transitional//EN"
    "http://www.w3.org/TR/xhtml1/DTD/xhtml1-transitional.dtd">
<html xmlns="http://www.w3.org/1999/xhtml" xml:lang="en" lang="en">
 <head>
  <title>
</title>
<meta http-equiv="Content-Type" content="text/html;charset=utf-8" />
  <meta name='ocr-system' content='tesseract 3.04.00' />
  <meta name='ocr-capabilities' content='ocr_page ocr_carea ocr_par ocr_line ocrx_word'/>
</head>
<body>
  <div class='ocr_page' id='page_1' title='image "./expositiomethod00hugugoog_0104.png"; bbox 0 0 2588 4272; ppageno 0'>
   <div class='ocr_carea' id='block_1_1' title="bbox 415 213 1048 264">
    <p class='ocr_par' dir='ltr' id='par_1_1' title="bbox 415 213 1048 264">
     <span class='ocr_line' id='line_1_1' title="bbox 415 213 1048 264; baseline 0.006 -4"><span class='ocrx_word' id='word_1_1' title='bbox 415 215 489 262; x_wconf 75' lang='lat' dir='ltr'>elus</span> <span class='ocrx_word' id='word_1_2' title='bbox 509 213 692 263; x_wconf 72' lang='lat' dir='ltr'>cananeus.</span> <span class='ocrx_word' id='word_1_3' title='bbox 1014 217 1048 264; x_wconf 69' lang='lat'>02</span> 
     </span>
    </p>
   </div>
   <div class='ocr_carea' id='block_1_2' title="bbox 74 335 1052 1190">
    <p class='ocr_par' dir='ltr' id='par_1_2' title="bbox 74 335 1051 714">
     <span class='ocr_line' id='line_1_2' title="bbox 74 335 1051 417; baseline 0.002 -19"><span class='ocrx_word' id='word_1_4' title='bbox 74 336 213 398; x_wconf 84' lang='lat' dir='ltr'>veritatis</span> <span class='ocrx_word' id='word_1_5' title='bbox 238 341 294 400; x_wconf 86' lang='lat' dir='ltr'>aut</span> <span class='ocrx_word' id='word_1_6' title='bbox 316 335 460 398; x_wconf 83' lang='lat' dir='ltr'>falsitatis</span> <span class='ocrx_word' id='word_1_7' title='bbox 473 335 699 412; x_wconf 78' lang='lat' dir='ltr'><strong>narrationem,</strong></span> <span class='ocrx_word' id='word_1_8' title='bbox 714 337 838 416; x_wconf 88' lang='lat' dir='ltr'>quoties</span> <span class='ocrx_word' id='word_1_9' title='bbox 852 339 900 401; x_wconf 86' lang='lat' dir='ltr'>rel</span> <span class='ocrx_word' id='word_1_10' title='bbox 919 339 953 400; x_wconf 90' lang='lat' dir='ltr'>in</span> <span class='ocrx_word' id='word_1_11' title='bbox 965 337 1051 417; x_wconf 89' lang='lat' dir='ltr'>peti-</span> 
     </span>
     <span class='ocr_line' id='line_1_3' title="bbox 75 433 1051 518; baseline 0.002 -21"><span class='ocrx_word' id='word_1_12' title='bbox 75 437 159 498; x_wconf 89' lang='lat' dir='ltr'>tione</span> <span class='ocrx_word' id='word_1_13' title='bbox 168 453 236 497; x_wconf 89' lang='lat' dir='ltr'>non</span> <span class='ocrx_word' id='word_1_14' title='bbox 254 435 441 518; x_wconf 84' lang='lat' dir='ltr'>exprimitur</span> <span class='ocrx_word' id='word_1_15' title='bbox 449 433 612 514; x_wconf 88' lang='lat' dir='ltr'>objectum</span> <span class='ocrx_word' id='word_1_16' title='bbox 625 435 879 516; x_wconf 88' lang='lat' dir='ltr'>dispensationis,</span> <span class='ocrx_word' id='word_1_17' title='bbox 893 437 942 499; x_wconf 89' lang='lat' dir='ltr'>vel</span> <span class='ocrx_word' id='word_1_18' title='bbox 961 454 1051 499; x_wconf 91' lang='lat' dir='ltr'>error</span> 
     </span>
     <span class='ocr_line' id='line_1_4' title="bbox 76 535 1050 617; baseline 0.001 -20"><span class='ocrx_word' id='word_1_19' title='bbox 76 539 214 597; x_wconf 83' lang='lat' dir='ltr'>versatur</span> <span class='ocrx_word' id='word_1_20' title='bbox 237 535 322 596; x_wconf 87' lang='lat' dir='ltr'>circa</span> <span class='ocrx_word' id='word_1_21' title='bbox 340 535 428 596; x_wconf 89' lang='lat' dir='ltr'>illam</span> <span class='ocrx_word' id='word_1_22' title='bbox 449 551 577 596; x_wconf 86' lang='lat' dir='ltr'>causam</span> <span class='ocrx_word' id='word_1_23' title='bbox 592 535 720 597; x_wconf 88' lang='lat' dir='ltr'>finalem</span> <span class='ocrx_word' id='word_1_24' title='bbox 737 553 808 616; x_wconf 85' lang='lat' dir='ltr'>quae</span> <span class='ocrx_word' id='word_1_25' title='bbox 830 536 1050 617; x_wconf 83' lang='lat' dir='ltr'>principaliter</span> 
     </span>
     <span class='ocr_line' id='line_1_5' title="bbox 77 633 510 714; baseline -0.005 -18"><span class='ocrx_word' id='word_1_26' title='bbox 77 639 178 696; x_wconf 90' lang='lat' dir='ltr'>movet</span> <span class='ocrx_word' id='word_1_27' title='bbox 193 635 234 695; x_wconf 88' lang='lat' dir='ltr'>ad</span> <span class='ocrx_word' id='word_1_28' title='bbox 250 633 510 714; x_wconf 89' lang='lat' dir='ltr'>dispensandum.</span> 
     </span>
    </p>

    <p class='ocr_par' dir='ltr' id='par_1_3' title="bbox 76 729 1052 1190">
     <span class='ocr_line' id='line_1_6' title="bbox 111 729 1050 813; baseline -0.001 -19"><span class='ocrx_word' id='word_1_29' title='bbox 111 733 163 794; x_wconf 89' lang='lat' dir='ltr'>Ill.</span> <span class='ocrx_word' id='word_1_30' title='bbox 182 729 209 794; x_wconf 90' lang='lat' dir='ltr'><em>C</em></span> <span class='ocrx_word' id='word_1_31' title='bbox 209 740 284 792; x_wconf 85' lang='lat' dir='ltr'>essct</span> <span class='ocrx_word' id='word_1_32' title='bbox 296 731 470 813; x_wconf 71' lang='lat' dir='ltr'>despumatio</span> <span class='ocrx_word' id='word_1_33' title='bbox 482 750 494 792; x_wconf 93' lang='lat'>.·</span> <span class='ocrx_word' id='word_1_34' title='bbox 510 733 540 794; x_wconf 79' lang='lat'>1⁰</span> <span class='ocrx_word' id='word_1_35' title='bbox 553 748 609 809; x_wconf 88' lang='lat' dir='ltr'>per</span> <span class='ocrx_word' id='word_1_36' title='bbox 621 731 855 794; x_wconf 84' lang='lat' dir='ltr'>revocationem</span> <span class='ocrx_word' id='word_1_37' title='bbox 866 750 874 806; x_wconf 88' lang='grc'>;</span> <span class='ocrx_word' id='word_1_38' title='bbox 889 734 920 792; x_wconf 70' lang='lat'>2⁰</span> <span class='ocrx_word' id='word_1_39' title='bbox 933 748 990 810; x_wconf 86' lang='lat' dir='ltr'>per</span> <span class='ocrx_word' id='word_1_40' title='bbox 1003 748 1050 793; x_wconf 85' lang='lat' dir='ltr'>re·</span> 
     </span>
     <span class='ocr_line' id='line_1_7' title="bbox 77 829 1052 910; baseline 0 -18"><span class='ocrx_word' id='word_1_41' title='bbox 77 829 305 892; x_wconf 86' lang='lat' dir='ltr'>nuntiationem</span> <span class='ocrx_word' id='word_1_42' title='bbox 319 848 338 890; x_wconf 92' lang='lat' dir='ltr'>a</span> <span class='ocrx_word' id='word_1_43' title='bbox 352 830 515 910; x_wconf 82' lang='lat' dir='ltr'>superiore</span> <span class='ocrx_word' id='word_1_44' title='bbox 537 834 751 908; x_wconf 64' lang='lat' dir='ltr'>acceptatam</span> <span class='ocrx_word' id='word_1_45' title='bbox 773 832 805 891; x_wconf 71' lang='grc' dir='ltr'>3ο</span> <span class='ocrx_word' id='word_1_46' title='bbox 823 845 881 909; x_wconf 87' lang='lat' dir='ltr'>per</span> <span class='ocrx_word' id='word_1_47' title='bbox 901 830 1052 892; x_wconf 86' lang='lat' dir='ltr'>cessatio·</span> 
     </span>
     <span class='ocr_line' id='line_1_8' title="bbox 76 927 1050 1004; baseline 0.001 -15"><span class='ocrx_word' id='word_1_48' title='bbox 76 947 145 991; x_wconf 91' lang='lat' dir='ltr'>nem</span> <span class='ocrx_word' id='word_1_49' title='bbox 163 947 267 992; x_wconf 87' lang='lat' dir='ltr'>causae</span> <span class='ocrx_word' id='word_1_50' title='bbox 286 929 399 1004; x_wconf 87' lang='lat' dir='ltr'>finalis,</span> <span class='ocrx_word' id='word_1_51' title='bbox 427 945 493 990; x_wconf 90' lang='lat' dir='ltr'>non</span> <span class='ocrx_word' id='word_1_52' title='bbox 515 929 618 990; x_wconf 89' lang='lat' dir='ltr'>solum</span> <span class='ocrx_word' id='word_1_53' title='bbox 644 932 717 988; x_wconf 91' lang='lat' dir='ltr'>ante</span> <span class='ocrx_word' id='word_1_54' title='bbox 740 929 973 1004; x_wconf 75' lang='lat' dir='ltr'>executionem,</span> <span class='ocrx_word' id='word_1_55' title='bbox 994 927 1050 990; x_wconf 90' lang='lat' dir='ltr'>sed</span> 
     </span>
     <span class='ocr_line' id='line_1_9' title="bbox 78 1025 1048 1108; baseline -0.002 -18"><span class='ocrx_word' id='word_1_56' title='bbox 78 1029 167 1090; x_wconf 88' lang='lat' dir='ltr'>etiam</span> <span class='ocrx_word' id='word_1_57' title='bbox 192 1033 267 1108; x_wconf 87' lang='lat' dir='ltr'>post</span> <span class='ocrx_word' id='word_1_58' title='bbox 289 1027 519 1101; x_wconf 83' lang='lat' dir='ltr'>executionem,</span> <span class='ocrx_word' id='word_1_59' title='bbox 542 1025 604 1086; x_wconf 89' lang='lat' dir='ltr'>nisi</span> <span class='ocrx_word' id='word_1_60' title='bbox 628 1026 821 1105; x_wconf 86' lang='lat' dir='ltr'>dispensatio</span> <span class='ocrx_word' id='word_1_61' title='bbox 835 1025 877 1089; x_wconf 93' lang='lat' dir='ltr'>sit</span> <span class='ocrx_word' id='word_1_62' title='bbox 894 1025 1048 1102; x_wconf 87' lang='lat' dir='ltr'>absoluta,</span> 
     </span>
     <span class='ocr_line' id='line_1_10' title="bbox 78 1125 688 1190; baseline 0.002 -3"><span class='ocrx_word' id='word_1_63' title='bbox 78 1128 121 1188; x_wconf 89' lang='lat' dir='ltr'>vel</span> <span class='ocrx_word' id='word_1_64' title='bbox 139 1126 254 1190; x_wconf 86' lang='lat' dir='ltr'>haheat</span> <span class='ocrx_word' id='word_1_65' title='bbox 269 1127 436 1188; x_wconf 89' lang='lat' dir='ltr'>materiam</span> <span class='ocrx_word' id='word_1_66' title='bbox 452 1125 688 1188; x_wconf 89' lang='lat' dir='ltr'>indivisibilem.</span> 
     </span>
    </p>
   </div>
   <div class='ocr_carea' id='block_1_3' title="bbox 227 1303 889 1371">
    <p class='ocr_par' dir='ltr' id='par_1_4' title="bbox 227 1303 889 1371">
     <span class='ocr_line' id='line_1_11' title="bbox 227 1303 889 1371; baseline -0.003 -14"><span class='ocrx_word' id='word_1_67' title='bbox 227 1303 282 1368; x_wconf 63' lang='lat' dir='ltr'>§a</span> <span class='ocrx_word' id='word_1_68' title='bbox 303 1329 334 1342; x_wconf 94' lang='lat'><em>-</em></span> <span class='ocrx_word' id='word_1_69' title='bbox 350 1303 388 1356; x_wconf 83' lang='lat' dir='ltr'>lle</span> <span class='ocrx_word' id='word_1_70' title='bbox 403 1303 496 1370; x_wconf 74' lang='lat' dir='ltr'>lupum</span> <span class='ocrx_word' id='word_1_71' title='bbox 511 1303 674 1356; x_wconf 83' lang='lat' dir='ltr'>executione</span> <span class='ocrx_word' id='word_1_72' title='bbox 690 1303 889 1371; x_wconf 82' lang='lat' dir='ltr'>promovenda.</span> 
     </span>
    </p>
   </div>
   <div class='ocr_carea' id='block_1_4' title="bbox 113 1447 1008 1530">
    <p class='ocr_par' dir='ltr' id='par_1_5' title="bbox 113 1447 1008 1530">
     <span class='ocr_line' id='line_1_12' title="bbox 113 1447 1008 1530; baseline -0.006 -17"><span class='ocrx_word' id='word_1_73' title='bbox 113 1451 264 1514; x_wconf 74' lang='lat' dir='ltr'>Executio</span> <span class='ocrx_word' id='word_1_74' title='bbox 278 1451 386 1530; x_wconf 84' lang='lat' dir='ltr'>legum</span> <span class='ocrx_word' id='word_1_75' title='bbox 399 1449 503 1528; x_wconf 87' lang='lat' dir='ltr'>aperit</span> <span class='ocrx_word' id='word_1_76' title='bbox 516 1449 599 1511; x_wconf 89' lang='lat' dir='ltr'>viam</span> <span class='ocrx_word' id='word_1_77' title='bbox 618 1449 739 1529; x_wconf 87' lang='lat' dir='ltr'>duplici</span> <span class='ocrx_word' id='word_1_78' title='bbox 752 1447 987 1528; x_wconf 81' lang='lat' dir='ltr'>investigationi</span> <span class='ocrx_word' id='word_1_79' title='bbox 1001 1465 1008 1508; x_wconf 91' lang='lat'><strong>:</strong></span> 
     </span>
    </p>
   </div>
   <div class='ocr_carea' id='block_1_5' title="bbox 109 1582 923 1745">
    <p class='ocr_par' dir='ltr' id='par_1_6' title="bbox 109 1582 923 1745">
     <span class='ocr_line' id='line_1_13' title="bbox 111 1582 923 1656; baseline -0.005 -14"><span class='ocrx_word' id='word_1_80' title='bbox 111 1591 134 1644; x_wconf 90' lang='lat' dir='ltr'>l.</span> <span class='ocrx_word' id='word_1_81' title='bbox 148 1591 191 1644; x_wconf 81' lang='lat' dir='ltr'>An</span> <span class='ocrx_word' id='word_1_82' title='bbox 203 1584 337 1642; x_wconf 80' lang='lat' dir='ltr'>Ecclesiae</span> <span class='ocrx_word' id='word_1_83' title='bbox 355 1587 500 1656; x_wconf 87' lang='lat' dir='ltr'>competat</span> <span class='ocrx_word' id='word_1_84' title='bbox 513 1587 638 1655; x_wconf 87' lang='lat' dir='ltr'>potestas</span> <span class='ocrx_word' id='word_1_85' title='bbox 651 1582 817 1655; x_wconf 88' lang='lat' dir='ltr'>applicandi</span> <span class='ocrx_word' id='word_1_86' title='bbox 834 1582 923 1655; x_wconf 78' lang='lat' dir='ltr'>leges.</span> 
     </span>
     <span class='ocr_line' id='line_1_14' title="bbox 109 1671 825 1745; baseline -0.007 -12"><span class='ocrx_word' id='word_1_87' title='bbox 109 1680 135 1734; x_wconf 77' lang='lat'>2.</span> <span class='ocrx_word' id='word_1_88' title='bbox 147 1675 230 1745; x_wconf 86' lang='lat' dir='ltr'>Quali</span> <span class='ocrx_word' id='word_1_89' title='bbox 245 1675 392 1732; x_wconf 87' lang='lat' dir='ltr'>sanctione</span> <span class='ocrx_word' id='word_1_90' title='bbox 404 1673 579 1730; x_wconf 88' lang='lat' dir='ltr'>muniantur</span> <span class='ocrx_word' id='word_1_91' title='bbox 592 1672 671 1742; x_wconf 82' lang='lat' dir='ltr'>leges</span> <span class='ocrx_word' id='word_1_92' title='bbox 682 1671 825 1728; x_wconf 71' lang='lat' dir='ltr'>Ecclesia.</span> 
     </span>
    </p>
   </div>
   <div class='ocr_carea' id='block_1_6' title="bbox 225 1842 890 1904">
    <p class='ocr_par' dir='ltr' id='par_1_7' title="bbox 225 1842 890 1904">
     <span class='ocr_line' id='line_1_15' title="bbox 225 1842 890 1904; baseline -0.005 -11"><span class='ocrx_word' id='word_1_93' title='bbox 225 1845 339 1904; x_wconf 80' lang='lat' dir='ltr'>Qunsrro</span> <span class='ocrx_word' id='word_1_94' title='bbox 352 1845 384 1895; x_wconf 80' lang='lat'>1¹.</span> <span class='ocrx_word' id='word_1_95' title='bbox 401 1867 429 1880; x_wconf 89' lang='lat'>-</span> <span class='ocrx_word' id='word_1_96' title='bbox 444 1842 481 1894; x_wconf 85' lang='lat' dir='ltr'>Dr</span> <span class='ocrx_word' id='word_1_97' title='bbox 495 1852 631 1892; x_wconf 77' lang='lat' dir='ltr'>rorasrlrr</span> <span class='ocrx_word' id='word_1_98' title='bbox 643 1853 792 1894; x_wconf 75' lang='lat' dir='ltr'>arruosuor</span> <span class='ocrx_word' id='word_1_99' title='bbox 806 1853 890 1894; x_wconf 77' lang='lat' dir='ltr'>ruore.</span> 
     </span>
    </p>
   </div>
   <div class='ocr_carea' id='block_1_7' title="bbox 82 1971 1049 2136">
    <p class='ocr_par' dir='ltr' id='par_1_8' title="bbox 82 1971 1049 2136">
     <span class='ocr_line' id='line_1_16' title="bbox 114 1971 1049 2055; baseline 0 -19"><span class='ocrx_word' id='word_1_100' title='bbox 114 1975 165 2036; x_wconf 85' lang='lat' dir='ltr'>lus</span> <span class='ocrx_word' id='word_1_101' title='bbox 186 1973 369 2054; x_wconf 88' lang='lat' dir='ltr'>applicandi</span> <span class='ocrx_word' id='word_1_102' title='bbox 395 1975 481 2054; x_wconf 78' lang='lat' dir='ltr'>leges</span> <span class='ocrx_word' id='word_1_103' title='bbox 508 1977 633 2036; x_wconf 90' lang='lat' dir='ltr'>constat</span> <span class='ocrx_word' id='word_1_104' title='bbox 655 1975 812 2052; x_wconf 81' lang='lat' dir='ltr'>potestate</span> <span class='ocrx_word' id='word_1_105' title='bbox 826 1971 988 2055; x_wconf 63' lang='lat' dir='ltr'>judiciario</span> <span class='ocrx_word' id='word_1_106' title='bbox 1016 1977 1049 2038; x_wconf 84' lang='lat' dir='ltr'>et</span> 
     </span>
     <span class='ocr_line' id='line_1_17' title="bbox 82 2072 231 2136; baseline 0.02 -4"><span class='ocrx_word' id='word_1_107' title='bbox 82 2072 231 2136; x_wconf 66' lang='lat' dir='ltr'>comatico.</span> 
     </span>
    </p>
   </div>
   <div class='ocr_carea' id='block_1_8' title="bbox 382 2197 735 2260">
    <p class='ocr_par' dir='ltr' id='par_1_9' title="bbox 382 2197 735 2260">
     <span class='ocr_line' id='line_1_18' title="bbox 382 2197 735 2260; baseline 0 -12"><span class='ocrx_word' id='word_1_108' title='bbox 382 2199 404 2248; x_wconf 91' lang='lat'>1.</span> <span class='ocrx_word' id='word_1_109' title='bbox 420 2197 535 2248; x_wconf 79' lang='lat' dir='ltr'>Potestas</span> <span class='ocrx_word' id='word_1_110' title='bbox 544 2197 673 2260; x_wconf 74' lang='lat' dir='ltr'>judicandi</span> <span class='ocrx_word' id='word_1_111' title='bbox 687 2197 735 2260; x_wconf 83' lang='lat' dir='ltr'>(ll.</span> 
     </span>
    </p>
   </div>
   <div class='ocr_carea' id='block_1_9' title="bbox 84 2289 1048 2512">
    <p class='ocr_par' dir='ltr' id='par_1_10' title="bbox 84 2289 1048 2512">
     <span class='ocr_line' id='line_1_19' title="bbox 114 2289 1048 2414; baseline 0.001 -21"><span class='ocrx_word' id='word_1_112' title='bbox 114 2333 136 2393; x_wconf 93' lang='lat' dir='ltr'>l.</span> <span class='ocrx_word' id='word_1_113' title='bbox 151 2331 231 2414; x_wconf 82' lang='lat' dir='ltr'>Ejus</span> <span class='ocrx_word' id='word_1_114' title='bbox 242 2332 352 2395; x_wconf 70' lang='lat' dir='ltr'>mcum.</span> <span class='ocrx_word' id='word_1_115' title='bbox 364 2333 507 2396; x_wconf 89' lang='lat' dir='ltr'>Potestas</span> <span class='ocrx_word' id='word_1_116' title='bbox 514 2333 683 2412; x_wconf 90' lang='lat' dir='ltr'>judiciaria</span> <span class='ocrx_word' id='word_1_117' title='bbox 699 2333 818 2413; x_wconf 90' lang='lat' dir='ltr'>duplici</span> <span class='ocrx_word' id='word_1_118' title='bbox 834 2289 965 2396; x_wconf 85' lang='lat' dir='ltr'>munere</span> <span class='ocrx_word' id='word_1_119' title='bbox 976 2333 1048 2396; x_wconf 86' lang='lat' dir='ltr'>lun·</span> 
     </span>
     <span class='ocr_line' id='line_1_20' title="bbox 84 2429 1005 2512; baseline 0.003 -22"><span class='ocrx_word' id='word_1_120' title='bbox 84 2429 166 2508; x_wconf 82' lang='lat' dir='ltr'>gitur,</span> <span class='ocrx_word' id='word_1_121' title='bbox 180 2449 297 2512; x_wconf 89' lang='lat' dir='ltr'>nempe</span> <span class='ocrx_word' id='word_1_122' title='bbox 310 2433 359 2492; x_wconf 87' lang='lat' dir='ltr'>vel</span> <span class='ocrx_word' id='word_1_123' title='bbox 376 2431 440 2492; x_wconf 82' lang='lat' dir='ltr'>lites</span> <span class='ocrx_word' id='word_1_124' title='bbox 454 2431 630 2510; x_wconf 88' lang='lat' dir='ltr'>componit,</span> <span class='ocrx_word' id='word_1_125' title='bbox 644 2433 692 2493; x_wconf 89' lang='lat' dir='ltr'>vel</span> <span class='ocrx_word' id='word_1_126' title='bbox 707 2432 830 2492; x_wconf 79' lang='lat' dir='ltr'>crimino</span> <span class='ocrx_word' id='word_1_127' title='bbox 840 2431 1005 2512; x_wconf 87' lang='lat' dir='ltr'>dijudicat.</span> 
     </span>
    </p>
   </div>
   <div class='ocr_carea' id='block_1_10' title="bbox 114 2519 1156 2607">
    <p class='ocr_par' dir='ltr' id='par_1_11' title="bbox 114 2519 1156 2607">
     <span class='ocr_line' id='line_1_21' title="bbox 114 2519 1156 2607; baseline 0.003 -19"><span class='ocrx_word' id='word_1_128' title='bbox 114 2528 147 2590; x_wconf 89' lang='grc' dir='ltr'>ΙΙ.</span> <span class='ocrx_word' id='word_1_129' title='bbox 171 2527 257 2590; x_wconf 84' lang='lat' dir='ltr'>Illius</span> <span class='ocrx_word' id='word_1_130' title='bbox 277 2529 442 2590; x_wconf 77' lang='lat' dir='ltr'>entstcntic.</span> <span class='ocrx_word' id='word_1_131' title='bbox 465 2529 528 2590; x_wconf 91' lang='lat' dir='ltr'>lsta</span> <span class='ocrx_word' id='word_1_132' title='bbox 548 2533 688 2607; x_wconf 89' lang='lat' dir='ltr'>potestas</span> <span class='ocrx_word' id='word_1_133' title='bbox 714 2529 865 2591; x_wconf 73' lang='lat' dir='ltr'>Ecclesiae</span> <span class='ocrx_word' id='word_1_134' title='bbox 892 2527 1048 2606; x_wconf 89' lang='lat' dir='ltr'>competit</span> <span class='ocrx_word' id='word_1_135' title='bbox 1149 2519 1156 2535; x_wconf 70' lang='lat'><em>&#39;</em></span> 
     </span>
    </p>
   </div>
   <div class='ocr_carea' id='block_1_11' title="bbox 80 2624 1149 3500">
    <p class='ocr_par' dir='ltr' id='par_1_12' title="bbox 80 2624 1149 3500">
     <span class='ocr_line' id='line_1_22' title="bbox 85 2624 1063 2705; baseline 0 -21"><span class='ocrx_word' id='word_1_136' title='bbox 85 2628 140 2686; x_wconf 89' lang='lat' dir='ltr'>tum</span> <span class='ocrx_word' id='word_1_137' title='bbox 169 2644 206 2688; x_wconf 88' lang='lat' dir='ltr'>ex</span> <span class='ocrx_word' id='word_1_138' title='bbox 229 2629 391 2689; x_wconf 87' lang='lat' dir='ltr'>voluntate</span> <span class='ocrx_word' id='word_1_139' title='bbox 424 2625 538 2687; x_wconf 83' lang='lat' dir='ltr'>Christi</span> <span class='ocrx_word' id='word_1_140' title='bbox 569 2625 623 2704; x_wconf 89' lang='lat' dir='ltr'>qui</span> <span class='ocrx_word' id='word_1_141' title='bbox 654 2627 784 2688; x_wconf 90' lang='lat' dir='ltr'>Petrum</span> <span class='ocrx_word' id='word_1_142' title='bbox 814 2630 845 2687; x_wconf 88' lang='lat' dir='ltr'>et</span> <span class='ocrx_word' id='word_1_143' title='bbox 875 2624 1063 2705; x_wconf 88' lang='lat' dir='ltr'>Apostolos·</span> 
     </span>
     <span class='ocr_line' id='line_1_23' title="bbox 84 2723 1062 2810; baseline 0.002 -27"><span class='ocrx_word' id='word_1_144' title='bbox 84 2739 241 2805; x_wconf 85' lang='lat' dir='ltr'>eorumque</span> <span class='ocrx_word' id='word_1_145' title='bbox 258 2741 457 2787; x_wconf 87' lang='lat' dir='ltr'>successores</span> <span class='ocrx_word' id='word_1_146' title='bbox 473 2724 638 2786; x_wconf 90' lang='lat' dir='ltr'>constituit</span> <span class='ocrx_word' id='word_1_147' title='bbox 648 2723 785 2803; x_wconf 90' lang='lat' dir='ltr'>judices,</span> <span class='ocrx_word' id='word_1_148' title='bbox 799 2728 869 2786; x_wconf 89' lang='lat' dir='ltr'>tum</span> <span class='ocrx_word' id='word_1_149' title='bbox 883 2740 921 2784; x_wconf 86' lang='lat' dir='ltr'>ex</span> <span class='ocrx_word' id='word_1_150' title='bbox 933 2727 1046 2786; x_wconf 85' lang='lat' dir='ltr'>natura</span> <span class='ocrx_word' id='word_1_151' title='bbox 1060 2803 1062 2810; x_wconf 18' lang='lat' dir='ltr'>y</span> 
     </span>
     <span class='ocr_line' id='line_1_24' title="bbox 83 2821 1047 2904; baseline 0.004 -23"><span class='ocrx_word' id='word_1_152' title='bbox 83 2823 228 2886; x_wconf 88' lang='lat' dir='ltr'>societatis</span> <span class='ocrx_word' id='word_1_153' title='bbox 243 2823 404 2904; x_wconf 85' lang='lat' dir='ltr'>periectae.</span> <span class='ocrx_word' id='word_1_154' title='bbox 425 2821 551 2885; x_wconf 76' lang='lat' dir='ltr'>Etenim</span> <span class='ocrx_word' id='word_1_155' title='bbox 565 2821 720 2901; x_wconf 89' lang='lat' dir='ltr'>competit</span> <span class='ocrx_word' id='word_1_156' title='bbox 735 2821 880 2884; x_wconf 85' lang='lat' dir='ltr'>societati</span> <span class='ocrx_word' id='word_1_157' title='bbox 895 2821 1047 2899; x_wconf 82' lang='lat' dir='ltr'>pericctae</span> 
     </span>
     <span class='ocr_line' id='line_1_25' title="bbox 80 2920 1047 3002; baseline -0.004 -20"><span class='ocrx_word' id='word_1_158' title='bbox 80 2921 121 2999; x_wconf 89' lang='lat' dir='ltr'>jus</span> <span class='ocrx_word' id='word_1_159' title='bbox 132 2921 275 3002; x_wconf 86' lang='lat' dir='ltr'>exigendi</span> <span class='ocrx_word' id='word_1_160' title='bbox 286 2939 304 2982; x_wconf 88' lang='lat' dir='ltr'>a</span> <span class='ocrx_word' id='word_1_161' title='bbox 315 2921 379 2982; x_wconf 90' lang='lat' dir='ltr'>suis</span> <span class='ocrx_word' id='word_1_162' title='bbox 395 2920 550 3000; x_wconf 91' lang='lat' dir='ltr'>quidquid</span> <span class='ocrx_word' id='word_1_163' title='bbox 564 2921 776 2982; x_wconf 89' lang='lat' dir='ltr'>necessarium</span> <span class='ocrx_word' id='word_1_164' title='bbox 799 2920 836 2980; x_wconf 90' lang='lat' dir='ltr'>ad</span> <span class='ocrx_word' id='word_1_165' title='bbox 856 2920 952 2980; x_wconf 90' lang='lat' dir='ltr'>finem</span> <span class='ocrx_word' id='word_1_166' title='bbox 967 2935 1047 2979; x_wconf 90' lang='lat' dir='ltr'>con-</span> 
     </span>
     <span class='ocr_line' id='line_1_26' title="bbox 82 3016 1046 3100; baseline 0 -22"><span class='ocrx_word' id='word_1_167' title='bbox 82 3019 380 3100; x_wconf 89' lang='lat' dir='ltr'>sequendum.Atqui</span> <span class='ocrx_word' id='word_1_168' title='bbox 390 3019 429 3080; x_wconf 87' lang='lat' dir='ltr'>ad</span> <span class='ocrx_word' id='word_1_169' title='bbox 440 3016 988 3098; x_wconf 86' lang='lat' dir='ltr'>finemconsequendumneoessaria</span> <span class='ocrx_word' id='word_1_170' title='bbox 999 3019 1046 3078; x_wconf 88' lang='lat' dir='ltr'>est</span> 
     </span>
     <span class='ocr_line' id='line_1_27' title="bbox 82 3115 1042 3197; baseline -0.001 -20"><span class='ocrx_word' id='word_1_171' title='bbox 82 3118 236 3197; x_wconf 85' lang='lat' dir='ltr'>applicatio</span> <span class='ocrx_word' id='word_1_172' title='bbox 246 3117 426 3178; x_wconf 88' lang='lat' dir='ltr'>mediorum</span> <span class='ocrx_word' id='word_1_173' title='bbox 440 3134 498 3196; x_wconf 90' lang='lat' dir='ltr'>per</span> <span class='ocrx_word' id='word_1_174' title='bbox 512 3118 596 3194; x_wconf 82' lang='lat' dir='ltr'>leges</span> <span class='ocrx_word' id='word_1_175' title='bbox 612 3117 864 3197; x_wconf 83' lang='lat' dir='ltr'>propositorum3</span> <span class='ocrx_word' id='word_1_176' title='bbox 878 3115 909 3175; x_wconf 92' lang='lat' dir='ltr'>id</span> <span class='ocrx_word' id='word_1_177' title='bbox 923 3119 1042 3192; x_wconf 89' lang='lat' dir='ltr'>autem,</span> 
     </span>
     <span class='ocr_line' id='line_1_28' title="bbox 81 3213 1045 3294; baseline 0.003 -20"><span class='ocrx_word' id='word_1_178' title='bbox 81 3215 581 3293; x_wconf 86' lang='lat' dir='ltr'>spectatahominumindole‚lieri</span> <span class='ocrx_word' id='word_1_179' title='bbox 592 3215 702 3292; x_wconf 88' lang='lat' dir='ltr'>nequit</span> <span class='ocrx_word' id='word_1_180' title='bbox 712 3213 771 3274; x_wconf 91' lang='lat' dir='ltr'>nisi</span> <span class='ocrx_word' id='word_1_181' title='bbox 781 3218 920 3294; x_wconf 89' lang='lat' dir='ltr'>potestas</span> <span class='ocrx_word' id='word_1_182' title='bbox 929 3213 1045 3278; x_wconf 88' lang='lat' dir='ltr'>haheat</span> 
     </span>
     <span class='ocr_line' id='line_1_29' title="bbox 80 3311 1129 3395; baseline 0.001 -22"><span class='ocrx_word' id='word_1_183' title='bbox 80 3313 121 3391; x_wconf 89' lang='lat' dir='ltr'>jus</span> <span class='ocrx_word' id='word_1_184' title='bbox 143 3315 355 3395; x_wconf 86' lang='lat' dir='ltr'>cognoscendi</span> <span class='ocrx_word' id='word_1_185' title='bbox 371 3314 409 3375; x_wconf 93' lang='lat' dir='ltr'>de</span> <span class='ocrx_word' id='word_1_186' title='bbox 423 3313 583 3374; x_wconf 86' lang='lat' dir='ltr'>sociorum</span> <span class='ocrx_word' id='word_1_187' title='bbox 597 3311 787 3387; x_wconf 86' lang='lat' dir='ltr'>actionibus,</span> <span class='ocrx_word' id='word_1_188' title='bbox 800 3316 908 3375; x_wconf 88' lang='lat' dir='ltr'>utrum</span> <span class='ocrx_word' id='word_1_189' title='bbox 921 3313 1044 3392; x_wconf 79' lang='lat' dir='ltr'>legibus</span> <span class='ocrx_word' id='word_1_190' title='bbox 1127 3319 1129 3322; x_wconf 80' lang='grc'>’</span> 
     </span>
     <span class='ocr_line' id='line_1_30' title="bbox 82 3410 1149 3500; baseline 0.002 -28"><span class='ocrx_word' id='word_1_191' title='bbox 82 3414 247 3476; x_wconf 80' lang='lat' dir='ltr'>conformes</span> <span class='ocrx_word' id='word_1_192' title='bbox 268 3415 347 3487; x_wconf 85' lang='lat' dir='ltr'>sint;</span> <span class='ocrx_word' id='word_1_193' title='bbox 370 3411 476 3492; x_wconf 88' lang='lat' dir='ltr'>quain.</span> <span class='ocrx_word' id='word_1_194' title='bbox 492 3410 703 3492; x_wconf 82' lang='lat' dir='ltr'>reJ‘udiciaria</span> <span class='ocrx_word' id='word_1_195' title='bbox 723 3415 863 3490; x_wconf 89' lang='lat' dir='ltr'>potestas</span> <span class='ocrx_word' id='word_1_196' title='bbox 884 3411 1040 3500; x_wconf 84' lang='lat' dir='ltr'>consistit.</span> <span class='ocrx_word' id='word_1_197' title='bbox 1147 3412 1149 3415; x_wconf 80' lang='grc'><strong>’</strong></span> 
     </span>
    </p>
   </div>
   <div class='ocr_carea' id='block_1_12' title="bbox 108 3577 930 3644">
    <p class='ocr_par' dir='ltr' id='par_1_13' title="bbox 108 3577 930 3644">
     <span class='ocr_line' id='line_1_31' title="bbox 108 3577 930 3644; baseline 0.001 -14"><span class='ocrx_word' id='word_1_198' title='bbox 108 3579 138 3644; x_wconf 86' lang='lat' dir='ltr'>(l)</span> <span class='ocrx_word' id='word_1_199' title='bbox 151 3581 279 3644; x_wconf 84' lang='lat' dir='ltr'>Tarquini,</span> <span class='ocrx_word' id='word_1_200' title='bbox 291 3579 466 3631; x_wconf 68' lang='lat' dir='ltr'>restitutiones</span> <span class='ocrx_word' id='word_1_201' title='bbox 473 3579 548 3643; x_wconf 81' lang='lat' dir='ltr'>juris</span> <span class='ocrx_word' id='word_1_202' title='bbox 555 3577 654 3644; x_wconf 82' lang='lat' dir='ltr'>publici</span> <span class='ocrx_word' id='word_1_203' title='bbox 666 3578 835 3643; x_wconf 61' lang='lat' dir='ltr'>ecclesiastici,</span> <span class='ocrx_word' id='word_1_204' title='bbox 845 3593 871 3642; x_wconf 89' lang='lat' dir='ltr'>p.</span> <span class='ocrx_word' id='word_1_205' title='bbox 889 3583 930 3632; x_wconf 80' lang='lat' dir='ltr'>ll.</span> 
     </span>
    </p>
   </div>
   <div class='ocr_carea' id='block_1_13' title="bbox 0 0 1310 4272">
    <p class='ocr_par' dir='ltr' id='par_1_14' title="bbox 0 0 1310 4272">
     <span class='ocr_line' id='line_1_32' title="bbox 0 0 1310 4272; baseline 0 0"><span class='ocrx_word' id='word_1_206' title='bbox 0 0 1310 4272; x_wconf 95' lang='lat' dir='ltr'> </span> 
     </span>
    </p>
   </div>
  </div>
 </body>
</html>
