2626 4258
218 355 271 408 348
386 354 543 404 excostrlo
564 352 742 402 HETEODICA
763 351 846 402 tnals
868 356 1024 403 canonici.

215 461 396 539 Cardinales
420 473 480 536 sibi
500 477 695 552 comparant.
714 473 849 536 Sensum
871 491 963 534 suum
983 472 1085 536 libere
1105 473 1197 553 juxta

214 573 442 639 conscientiam
466 573 640 652 prolerunt.
666 573 711 634 De
736 571 909 651 propositis
932 562 1096 635 silentium
1118 572 1198 652 ipsis
1292 647 1293 664 χ

176 733 181 742 ,
216 673 373 735 indictum
389 677 445 734 est.
1292 665 1293 672 '

254 774 296 835 II.
318 769 539 832 consistorium.
550 803 590 818 -
603 769 782 831 cardinales
796 755 925 848 explent
939 769 1042 830 olficia
1058 787 1126 843 sua,
1142 773 1198 832 aut

216 870 408 932 sustinentes
427 887 558 930 munera
581 887 652 948 quae
667 868 743 947 ipsis
761 867 920 945 singulisa
935 867 1089 930 Ponticos
1103 885 1197 928 corn-

216 969 396 1044 mittuntur‚
413 973 467 1029 aut
489 966 650 1027 distributi
678 983 734 1044 per
753 965 892 1027 diversas
918 965 1194 1043 congregationes,

216 1073 270 1128 aut
281 1063 452 1126 universim
471 1063 501 1124 in
517 1061 721 1126 consistorio.
739 1064 886 1124 Jamvero
902 1061 1134 1124 consistorium
1148 1069 1198 1125 est

100 1241 102 1248 Ι
215 1162 417 1244 congregatio
433 1161 587 1242 generalis
604 1177 699 1240 quarn
712 1159 853 1222 celebrat
866 1159 903 1220 R.
924 1161 1069 1222 Pontifex
1083 1161 1117 1222 in
1131 1162 1198 1224 col-

214 1260 298 1335 legio
313 1260 525 1322 cardinalium
543 1277 599 1340 per
614 1260 886 1320 modumsenatus
902 1257 1041 1336 maj0ris.

254 1359 377 1438 Duplex
390 1358 524 1420 babetur
538 1357 762 1419 consistorium
776 1375 783 1418 :
800 1357 935 1418 alterum
950 1363 996 1418 est
1010 1364 1152 1418 secretum
1162 1363 1196 1420 et

215 1457 421 1530 ordinarium,
438 1458 523 1536 quod
533 1457 616 1517 solos
630 1473 705 1518 cum
715 1454 868 1516 Pontibce
882 1457 1063 1518 cardinales
1076 1459 1196 1520 admit-

136 1611 138 1614 .
213 1555 269 1630 tit;
280 1555 365 1616 aliud
377 1561 482 1618 autem
490 1554 642 1638 publicum
655 1559 686 1616 et
700 1553 986 1616 extraordinarium
999 1555 1061 1630 cui,
1077 1562 1197 1634 praeter
1292 1589 1293 1598 κ

214 1652 407 1730 criminales,
422 1655 581 1716 intersunt
591 1651 723 1733 praelati,
746 1651 882 1714 ministri
895 1653 1077 1734 principum
1090 1654 1195 1718 etviri
1292 1665 1293 1706 l

218 1751 393 1832 digniores
1292 1765 1293 1772 ’

255 1851 284 1912 1.
300 1852 334 1912 In
348 1849 516 1912 comberto
543 1859 662 1924 secreto,
681 1849 824 1911 Pontilex
851 1855 937 1912 creat
956 1851 1137 1916 Cardinales
1162 1861 1195 1917 et
1292 1897 1293 1904 κ

213 1950 361 2028 Legatos3
379 1949 552 2028 Episcopos
562 1948 698 2010 instituit
712 1955 745 2010 et
759 1949 851 2028 erigit
865 1949 1013 2011 ecclesias
1026 1952 1195 2014 cathedra«
1292 1967 1293 1970 ’

214 2047 279 2120 les3
305 2044 437 2124 pallium
462 2045 621 2111 concedit.
649 2047 694 2107 De
718 2047 866 2108 omnibus
895 2049 1019 2110 Sanctae
1046 2049 1137 2112 Sedis
1162 2055 1195 2112 et

214 2143 363 2208 Ecclesia
385 2143 580 2224 gravioribus
604 2145 741 2222 negotiis
764 2144 840 2226 agit,
866 2151 960 2225 atque
983 2147 1195 2211 allocutiones

214 2241 411 2322 pronuntiat.

254 2336 296 2402 Ut
310 2339 394 2401 illius
406 2339 509 2400 forma
521 2357 584 2413 non
600 2339 641 2402 sit
652 2335 862 2416 contentiosa,
882 2339 1075 2424 Conprepotio
1089 2343 1197 2424 consis-

217 2435 330 2498 torialis
365 2454 420 2499 scu
447 2435 628 2500 consistorii
655 2439 828 2500 consultrix
852 2439 1018 2515 materiaS‚
1049 2441 1196 2521 partibus

215 2535 451 2616 opponentibus
475 2535 610 2612 auditis,
634 2553 692 2616 per
716 2552 848 2598 examen
871 2543 902 2600 et
929 2538 1196 2602 deliberationem
1292 2571 1293 2604 ;

213 2641 380 2717 praeparat.
1292 2633 1293 2652 ³

254 2737 284 2798 2.
299 2737 334 2796 In
346 2732 519 2796 consistorio
529 2731 658 2816 publico,
679 2733 986 2815 Pontilexgalerum
1008 2737 1097 2800 novis
1119 2739 1197 2800 car-

215 2830 373 2916 dinalibu's
394 2832 532 2913 imponit
547 2867 560 2910 ‚¹
580 2833 619 2894 de
644 2835 843 2896 Sanctorum*
859 2835 1098 2898 canonizatione
1121 2842 1198 2899 vota

124 2921 125 2924 '
215 2931 364 3010 exquirit,
381 2931 544 2994 ministros
564 2931 747 3012 principum
771 2921 897 3013 recipit,
919 2934 1059 2998 reditum
1086 2935 1197 3016 Legati
1292 2997 1293 3018 p

214 3029 364 3094 celebrat.
1292 3035 1293 3052 ¹

330 3215 333 3224 Ι
400 3239 432 3296 11.
444 3267 474 3284 ··
486 3241 658 3296 cardinalium
669 3243 805 3296 crebritas
819 3245 881 3302 sedo
893 3251 1005 3298 vacante.

254 3415 336 3477 Sede
349 3420 489 3487 vacante,
504 3415 637 3476 alterum
653 3431 767 3475 munus
787 3413 1000 3476 cardinalium
1019 3420 1068 3477 est
1087 3417 1200 3480 Ponti·
1292 3403 1293 3406 ¹

213 3511 281 3574 ilcis
297 3511 423 3586 electio,
439 3517 471 3573 et
486 3511 637 3573 ccclesiae
653 3511 803 3580 defensio.

253 3610 285 3672 Ι.,
303 3609 359 3670 Jus
377 3608 515 3688 eligendi
539 3610 709 3672 Summum
732 3610 920 3673 Pontificem
946 3613 985 3675 ad
1009 3613 1198 3678 cardinales

210 3703 361 3784 pertinet.
