2588 4272
424 277 498 325 PARS
518 276 698 325 consuens
992 275 1044 326 1³1

128 413 239 475 XXIX.
256 413 346 484 Quod
359 428 469 474 omnes
481 413 594 494 tangit,
608 413 705 475 debet
716 411 755 475 ab
769 411 918 475 omnibus
935 428 1048 492 appro-

142 607 234 669 XXX.
253 509 441 669 Inlbblslcoris
454 605 624 698 minimum
639 610 686 668 est
700 607 908 685 sequendum.

493 801 567 840 DEGAS
586 803 621 840 w.

130 933 240 996 XXXI.
255 933 337 996 lium
357 931 411 1012 qui
430 935 534 995 certus
554 937 623 1009 est,
649 931 814 996 certiorari
831 931 962 996 ulterius
983 949 1048 1022 non

292 1035 430 1110 oportet.

112 1130 237 1191 XXXII.
255 1131 325 1191 Non
340 1129 415 1191 licet
424 1127 534 1192 Actori
545 1127 630 1209 quod
641 1131 707 1192 Reo
719 1129 843 1192 licitum
853 1146 919 1192 non
928 1127 1046 1194 existit.

101 1228 241 1288 XXXIII.
256 1229 377 1290 Mutare
397 1228 567 1290 consilium
577 1228 648 1308 quis
663 1245 727 1289 non
742 1233 858 1307 potest,
871 1227 905 1288 in
918 1227 1049 1291 alterius

297 1323 535 1386 detrimentum.

101 1421 239 1483 XXXIV.
257 1421 369 1484 Generi
380 1439 438 1500 per
449 1422 589 1502 speciem
604 1422 784 1500 derogatur.

114 1521 239 1581 XXXV.
255 1520 328 1580 Plus
343 1536 470 1598 semper
484 1520 563 1580 inse
579 1519 721 1582 continet
734 1519 819 1598 quod
837 1524 884 1582 cst
897 1518 1012 1582 minus.

99 1617 237 1679 XXXVI.
254 1607 316 1679 Pro
330 1635 511 1696 possessore
526 1615 672 1693 habetur,
697 1617 751 1696 qui
774 1618 849 1680 doIo
871 1618 966 1680 desiit
980 1636 1052 1697 pos·
1072 1679 1080 1710 ,

293 1715 407 1777 sidere.
730 1749 732 1752 ·

90 1814 240 1876 XXXVII.
257 1814 342 1880 Utile
356 1833 423 1878 non
437 1813 533 1876 debet
544 1831 602 1893 per
614 1813 726 1876 inutile
737 1814 855 1877 vitiari.

76 1910 239 1972 XXXVIII.
257 1911 303 1970 Ex
318 1929 356 1972 eo
367 1929 432 1973 non
444 1911 540 1972 debet
553 1909 623 1990 quis
635 1911 774 1974 fructum
784 1912 949 1991 consequi,
964 1913 1050 1993 quod

295 2009 381 2070 nisus
396 2009 500 2071 extitit
511 2009 709 2088 impugnare.

96 2107 235 2169 XXXIX.
254 2109 333 2170 Cum
348 2107 424 2186 quid
437 2105 633 2186 prohibetur,
643 2107 873 2186 prohibenturo
882 2111 969 2174 mnia
979 2128 1051 2191 quae

296 2211 469 2284 sequuntur
483 2222 520 2266 ex
534 2205 600 2266 illo.

167 2303 231 2364 XL.
248 2304 382 2366 PlurnIis
396 2304 517 2366 locutio
528 2303 665 2366 duorum
678 2321 813 2368 numero
826 2311 873 2370 est
888 2311 1049 2372 contente.

502 2499 577 2538 DECAS
593 2500 620 2536 V.

149 2629 227 2694 XLI.
246 2628 399 2710 Imputari
422 2647 487 2692 non
502 2629 599 2692 debet
613 2628 654 2705 ei,
677 2646 735 2710 per
749 2645 844 2708 quem
857 2647 922 2694 non
940 2637 1011 2710 stat,
1025 2633 1053 2695 si

296 2747 360 2791 non
375 2728 470 2790 faciat
482 2729 568 2808 quod
586 2745 643 2807 per
655 2745 729 2789 eum
741 2729 843 2790 fuerat
856 2728 1052 2793 iaciendum.

140 2828 233 2890 XLII.
250 2827 473 2890 Accessorium
493 2833 641 2889 naturam
661 2827 751 2907 sequi
770 2827 916 2906 congruit
933 2827 1054 2907 prinoi-

316 2925 384 2987 alis.

124 3021 230 3086 XLIII.
249 2943 414 3098 inijtccet
430 3023 610 3086 consentire
624 3021 758 3086 videtur.

123 3121 229 3186 XLIV.
246 3123 275 3184 Is
286 3121 450 3201 quimcet,
463 3138 529 3183 non
541 3121 668 3198 fatetur,
678 3122 733 3182 sed
742 3136 802 3182 nec
816 3119 927 3200 utique
938 3133 1054 3202 negare

315 3238 325 3279 1
405 3237 430 3281 r.

129 3317 221 3384 XLV.
238 3220 429 3396 Insgiffis
438 3316 472 3377 in
485 3315 627 3378 obscuris
637 3315 722 3394 quod
733 3314 1054 3394 estverisimilius‚vel

300 3415 385 3495 qnod
402 3415 591 3494 plerumque
603 3413 671 3476 fleri
686 3413 859 3476 consuevit.

114 3513 217 3579 XLVI.
232 3515 262 3577 Is
278 3514 332 3594 qui
346 3513 438 3596 injus
454 3511 596 3575 succedit
613 3512 754 3590 alterius,
771 3529 809 3575 eo
823 3513 895 3592 jure
910 3512 1051 3594 quoibe,

300 3613 345 3675 uti
361 3611 497 3674 debebit.
