2630 4250
475 147 549 198 raus
568 154 734 226 sciremus.

458 361 480 408 3.
494 357 562 408 lllius
580 361 764 412 convenientia.

157 511 382 574 Convenientia
401 495 485 574 illius
501 519 626 576 constat
648 519 718 576 tum
740 516 875 592 ratione,
901 521 968 577 tum
991 522 1099 580 aucto-

119 615 229 675 ritate:

156 713 181 772 Ι.
197 707 320 770 Ratione
329 727 342 784 ,·
367 709 426 770 ista
451 714 590 789 potestas
605 713 643 772 R.
663 711 870 774 Pontificibus
891 714 978 775 illam
1002 713 1098 775 liber·

118 815 216 872 tatem
236 814 269 870 et
285 807 570 889 independentiam
597 809 749 872 conciliat
771 829 842 890 quae
866 811 900 870 in
919 811 1094 874 exercendo

117 909 264 986 primatu,
278 923 332 966 seu
346 906 379 969 in
389 907 530 986 regenda
543 907 685 970 Ecclesia
697 913 727 970 et
739 909 771 968 in
781 909 961 970 sanciendis
974 909 1097 988 legibus

116 1004 292 1068 necessaria
321 996 384 1078 cst3
410 1004 461 1065 cui
481 1003 623 1075 libertati
640 1006 737 1066 'locus
751 1006 802 1068 vix
820 1023 887 1066 esse
909 1011 1017 1084 potest
1041 1006 1097 1068 ubi

116 1106 259 1182 caputet
277 1107 422 1162 centrum
434 1103 587 1164 Ecclesiae
605 1102 742 1181 imperio
757 1102 912 1184 principis
936 1103 1096 1164 saecularis

117 1198 295 1278 subjicitur.

155 1297 194 1357 ΙΙ.
221 1295 408 1356 auctoritate
423 1296 613 1360 Pontificum
628 1301 659 1358 et
676 1297 921 1378 Episcoporum
953 1297 1026 1358 Pius
1054 1297 1096 1358 IX

116 1393 283 1472 proposuit
294 1391 484 1468 doctrinam,
501 1395 756 1472 quamcatholici
783 1411 895 1456 omnes
915 1393 1098 1454 firmissime

115 1490 255 1554 retinere
269 1489 416 1564 debeant,
430 1490 469 1550 de
479 1489 564 1550 civili
580 1491 743 1553 Pontificis
759 1491 956 1569 principatu:
1001 1532 1004 1540 ·

158 1585 350 1666 «Singulari
369 1603 498 1664 prorsus
520 1586 635 1648 divinae
649 1586 858 1666 providentiae
880 1585 1014 1648 consilio
1033 1587 1099 1646 ‘fac-

116 1691 184 1762 tum
202 1690 262 1760 est,
279 1689 315 1746 ut
326 1686 486 1744 Romanus
502 1685 649 1748 Pontifex
673 1683 798 1749 civilem
812 1683 1026 1764 principatum
1040 1683 1099 1746 hac

117 1799 194 1844 sane
226 1783 266 1842 de
286 1791 385 1844 'causa
408 1787 665 1864 consequeretur,
690 1783 778 1859 utad
801 1782 902 1860 ipsam
925 1781 1099 1843 Ecclesiam

112 1879 290 1960 regendam
306 1881 401 1958 plena
415 1877 468 1938 illa
477 1879 635 1958 potiretur
642 1879 799 1953 libertate,
815 1897 886 1956 quae
900 1879 940 1939 ad
951 1878 1099 1956 Supremi
1191 1873 1193 1876 ’

115 1977 295 2057 Apostolici
349 1977 517 2040 ministerii
567 1993 682 2038 munus
731 1977 915 2038 obeundum
966 1973 1100 2055 requiri-

118 2083 168 2138 tur
181 2073 237 2154 (l).
254 2097 268 2134 n
1047 2101 1049 2106 ·

155 2172 206 2234 Ab
232 2173 346 2236 ecdem
373 2172 527 2234 Pontifice
560 2173 708 2234 damnata
741 2175 788 2232 ast
810 2172 872 2232 ista
897 2171 1098 2250 propositio:

122 2291 136 2327 a
148 2269 325 2350 Abrogatio
335 2269 435 2332 civilis
444 2268 655 2348 imperiique
665 2269 850 2346 Apostolica
862 2268 956 2330 Sedes
967 2269 1099 2348 potitur,

116 2369 156 2430 ad
168 2367 321 2430 Ecclesia
346 2366 527 2429 libertatem
551 2364 799 2444 felicitatemque
813 2365 862 2426 vel
875 2365 1012 2428 maxime
1026 2381 1103 2425 con-

119 2469 252 2528 duceret
266 2464 319 2544 (Ξ).
334 2486 349 2522 n
1019 2496 1022 2506 ·

156 2562 292 2624 Accedit
327 2560 504 2623 Declaratio
539 2559 838 2640 Episcoporumwffl
870 2558 952 2636 junii
982 2558 1102 2632 leem:

122 2682 136 2718 n
152 2660 282 2722 Civilem
295 2659 418 2721 Sanctae
435 2658 526 2721 Sedis
535 2657 751 2738 principatum
762 2673 821 2718 ceu
830 2654 983 2734 quiddam
994 2670 1103 2715 ueces-

118 2757 240 2818 sarium
253 2775 291 2820 ao
303 2758 490 2838 providente
504 2759 569 2818 Deo
583 2755 751 2822 manifeste
761 2753 943 2817 institutum
958 2749 1104 2832 agnosci-

119 2871 211 2929 mus;
241 2873 302 2918 nec
334 2856 494 2916 declarare
526 2853 720 2927 dubitamus,
750 2852 783 2912 in
810 2849 961 2931 prasenti
995 2865 1102 2912 rerum

117 2953 332 3013 humanarum
363 2957 465 3028 statu,
495 2953 601 3030 ipsum
624 2951 708 3012 hunc
734 2948 951 3029 principatum
976 2947 1103 3010 civilem

119 3067 180 3127 pro
205 3049 292 3111 hono
319 3067 355 3110 ac
378 3050 480 3110 libero
504 3047 656 3116 Ecclesiae¹
682 3046 924 3126 animarumque
949 3043 1106 3124 regimine

120 3145 256 3207 omnino
282 3147 417 3226 requiri.
439 3145 614 3224 Oportebat
634 3161 710 3206 sane
724 3144 822 3205 totius
845 3140 996 3203 Ecclesiae
1011 3145 1105 3220 caput

120 3229 302 3306 Romanum
314 3241 591 3326 Pontificemnulli
606 3239 743 3320 principi
760 3256 826 3300 esse
839 3237 1031 3316 subjectum,
1041 3237 1108 3300 imo

154 3427 160 3477 l
168 3425 189 3482 1)
202 3423 324 3472 Allocutio
338 3421 429 3482 Quibus
446 3421 607 3486 quantisque,
619 3422 649 3470 ‘20
658 3418 745 3480 aprilis
762 3420 833 3468 tale.

154 3503 189 3562 (t)
203 3501 324 3566 Syllabas
335 3505 372 3552 76.
389 3529 420 3536 -
431 3500 554 3550 Allocutic
573 3499 667 3561 Quibus
679 3499 837 3564 quantisque.
