2604 4270
457 203 627 254 PRAEFATIO.
1008 211 1028 256 V

49 352 171 442 aperiat
197 351 286 421 viam
307 349 561 421 commodiorem
585 350 625 418 ad
640 349 936 440 jurisprudentiam
964 351 1029 420 Ec-

48 499 150 568 clesiae
171 466 406 568 excolendaml

89 644 134 712 Ut
148 662 237 732 opus
250 647 440 729 susceptum
459 635 501 706 ad
512 637 655 736 scientiae
669 656 821 706 normam
833 635 1028 725 exigeretur,

48 808 83 856 ex
93 783 291 874 purissimis
301 780 460 870 sontibus,
476 801 514 850 ex
526 781 607 870 ipsis
614 748 744 870 legibus
756 779 875 850 divinis
887 787 919 849 et
933 781 1033 848 eccle-

51 927 189 998 siasticis
201 925 391 996 derivamus
403 925 586 994 doctrinam
597 924 799 992 canonicam.
812 924 830 992 J
833 943 892 992 ura
902 922 1039 992 Summi.

52 1069 220 1140 Pontifiois
243 1067 465 1155 vindicantur,
485 1067 566 1156 quin
588 1067 778 1136 detrahatur
796 1065 1032 1156 Episcoporum

51 1210 258 1300 auctoritati3
279 1211 365 1280 salva
387 1207 463 1294 fide,
493 1210 579 1278 salvo
596 1207 684 1297 jure,
700 1207 903 1279 abstinemus
925 1229 1033 1278 aver·

50 1354 170 1422 horum
195 1352 384 1421 acerbitate.
403 1355 488 1452 Tum
510 1372 547 1420 ex
566 1354 731 1422 voluntate
747 1342 889 1441 Christi,'
903 1361 975 1422 tum
994 1371 1033 1420 ex

49 1506 168 1566 natura
180 1494 344 1564 societatis
360 1493 510 1582 perlectae
524 1493 680 1564 delinitur
699 1494 850 1562 Ecclesiae
867 1501 1031 1581 potestas3

50 1602 126 1708 inde
154 1636 322 1725 prodeunt
346 1635 512 1704 canonicae
533 1635 730 1704 sanctiones.
751 1635 825 1704 duri
848 1636 1032 1725 communi,

50 1781 143 1869 cujus
160 1779 425 1868 explanationem
446 1776 655 1865 potissimum
669 1775 893 1864 aggredimur,
910 1777 1034 1848 accedit

50 1921 226 2009 disciplina
249 1918 360 1988 Galliae
394 1917 537 2006 propria.
574 1917 797 1987 Decretalihus
823 1917 1033 2007 adjunximus

51 2061 232 2132 concilium
247 2060 494 2148 Tridentinurn,
511 2060 768 2148 novissimaeque
786 2061 1034 2134 constitutiones

51 2203 238 2295 pontificias
253 2211 285 2271 et
294 2202 516 2274 ordinationes
525 2202 655 2290 legibus
674 2202 787 2274 affines
805 2203 927 2292 quibus
939 2193 1034 2274 inno-

52 2348 146 2416 tescit
154 2345 213 2434 jus
227 2345 354 2432 rigens

95 2487 292 2558 Methodum
309 2508 348 2556 ex
374 2496 491 2556 natura
512 2487 560 2556 rei
584 2487 757 2557 deductam
780 2489 1032 2578 persequimur;

54 2641 207 2721 optamus
230 2631 321 2698 enim
338 2639 377 2699 ut
403 2630 472 2718 ipse
493 2629 579 2719 juris
607 2631 817 2706 ecclesiastici
843 2641 1034 2720 conspectus

55 2773 165 2842 ideam
178 2773 331 2843 Ecclesiae
352 2773 523 2863 exprimat.
539 2773 691 2844 Jamvero
713 2773 963 2844 Institutionum
978 2774 1036 2843 tri-

55 2917 127 3005 plex
148 2936 273 2984 munus
294 2923 345 2986 est
361 2936 380 2985 a·
392 2915 551 3006 primum,
563 2914 725 2984 elementa
735 2912 821 3004 juris
837 2915 873 2984 in
895 2916 1035 2986 formam

59 3057 273 3126 scientificam
289 3057 455 3146 redigerc3
471 3057 622 3144 alterum,
638 3056 808 3144 principiis
826 3057 1036 3145 generalibus

61 3198 258 3288 constitutis,
284 3197 362 3268 inde
381 3198 592 3286 particulares
606 3198 831 3268 conclusiones
850 3209 937 3269 recte
950 3201 1043 3281 deri,

61 3359 152 3429 rare;
168 3341 318 3428 tertium,
334 3340 374 3408 ad
386 3339 631 3431 explicationem
641 3341 727 3431 juris
741 3342 870 3428 regulas
881 3341 1037 3412 adhibere

67 3483 149 3552 velut
163 3483 312 3572 apposita
322 3483 460 3574 lumina,
477 3483 598 3574 quibus
608 3486 693 3554 clare
706 3484 921 3576 perspicimus
943 3504 1037 3552 men-
