2588 4272
409 263 482 309 PARS
502 263 681 312 euveum&
1008 269 1042 316 ’18

79 379 174 440 rietati
206 380 403 444 voluntatem
442 399 531 444 suam
562 383 710 461 imponit.
750 384 833 463 Ergo
870 385 1045 464 publicatio

79 477 217 538 solemnis
237 479 409 558 requiritur
427 483 580 558 tanquam
601 481 872 559 complementum
893 482 970 562 legis
984 481 1046 544 hu-

78 591 178 638 manae.

111 673 145 734 ll.
161 674 434 756 Ipsapromulpott'o
450 674 551 755 differt
564 695 582 736 o
594 675 792 758 divulgatione
812 676 881 758 lepis
892 677 961 759 jam
970 697 1045 760 pro·

78 771 215 852 molpotoe.
232 773 445 853 Promulgatio
465 780 512 834 est
525 773 654 852 publico
670 775 747 854 legis
765 777 941 855 propositio
965 777 1047 840 iacta

79 869 1044 953 nomineetauctoritatelegislatoriscumaliquasolemnitate.

79 967 246 1046 Divulgatio
262 973 367 1030 autem
388 975 436 1030 est
454 969 601 1047 quaedam
615 973 878 1052 promulgationis
892 973 1045 1049 extensio,
1090 1045 1094 1055 Ι

79 1083 126 1126 seu
147 1065 233 1126 illius
257 1067 429 1129 declaratio
455 1071 537 1130 laeta
562 1067 601 1128 iis
628 1071 682 1148 qui
708 1070 956 1150 promulgationi
983 1089 1048 1133 non

79 1161 290 1237 interfuerunt,
307 1164 372 1226 sive
387 1164 446 1226 ista
468 1165 645 1228 notificatio
660 1168 714 1228 fiat
727 1185 785 1246 per
799 1168 965 1230 inferiores
979 1185 1048 1229 ma-

78 1261 229 1338 gistratus
247 1261 310 1322 sive
323 1279 381 1340 per
391 1262 528 1340 privatos
543 1263 605 1325 tide
622 1265 745 1344 dignos

112 1359 185 1418 lnde
199 1355 342 1436 sequitur
357 1359 604 1438 divulgationem
616 1380 681 1422 non
701 1380 770 1424 esse
782 1363 992 1425 necessariam
1006 1363 1046 1424 ad

80 1455 146 1536 legis
168 1459 323 1520 valorem.
336 1459 493 1537 Equidem
505 1460 545 1520 ab
563 1461 757 1540 obligatione
769 1463 847 1541 legis
860 1468 1050 1525 excusantur

81 1555 125 1632 qui
142 1553 232 1616 illam
258 1555 390 1618 minime
413 1556 569 1619 noverint.
596 1559 716 1620 Verum
739 1576 803 1620 non
824 1558 999 1638 requiritur
1013 1563 1049 1620 ut

80 1651 228 1714 intimatio
247 1652 385 1732 'juridica
400 1654 531 1734 singulis
553 1655 623 1730 tiat3
640 1657 783 1736 alioquin
800 1657 958 1720 sufficiens
971 1674 1049 1736 pro-

80 1751 220 1829 mulgatio
235 1751 343 1831 legum
354 1769 520 1832 nunquam
529 1759 698 1817 constaret.

353 1953 377 2002 2.
395 1949 484 2000 Modus
497 1950 705 2013 promulgationis
720 1953 764 2016 (l).

112 2108 135 2171 I.
153 2108 258 2172 Modus
276 2109 489 2191 pvmnulqondi
510 2111 583 2193 lopas
608 2111 750 2173 humanos
764 2130 821 2171 ooo
835 2109 1048 2174 determinetur

74 2203 138 2282 jore
149 2206 258 2283 divino,
273 2207 333 2269 sice
352 2207 495 2285 naturali,
510 2209 570 2270 sive
586 2209 720 2290 positivo.
737 2209 784 2272 Ex
799 2213 919 2289 jnatura
933 2211 990 2285 rei,
1011 2227 1048 2272 ea

78 2305 185 2367 suflicit
198 2307 277 2384 legis
289 2307 502 2387 promulgatio
519 2325 581 2386 qua
596 2307 759 2369 moraliter
784 2307 885 2385 possit
900 2297 1047 2370 devenire

76 2398 263 2465 innotitlam
283 2403 484 2466 subditorum
495 2420 589 2479 ;.non
602 2405 737 2484 exigitur
751 2407 786 2466 ut
801 2405 851 2465 lex
865 2405 1047 2484 publicetur

76 2497 129 2561 hac
137 2502 185 2563 vel
195 2501 468 2577 illasolemnitate,
481 2519 540 2580 per
549 2503 787 2581 praeconemvel
797 2519 855 2579 per
865 2503 1047 2566 affixionem

78 2597 178 2674 edicti,
189 2599 225 2660 in
239 2598 318 2660 urhe
328 2599 474 2677 principe
483 2604 608 2662 tantum
617 2600 666 2662 vel
676 2599 710 2659 in
721 2599 852 2686 singulis
863 2600 1045 2682 provinciis,

78 2698 184 2758 eodem
193 2703 340 2776 tempore
355 2699 402 2759 vel
416 2698 601 2760 successive.

109 2797 188 2857 Cum
217 2795 426 2858 determinata
443 2797 705 2888 promulgationis
727 2797 830 2857 forma
848 2795 918 2875 jure
940 2795 1046 2859 divino
1081 2837 1083 2842 ,

74 2909 131 2955 non
143 2893 379 2972 praescribatur,
392 2893 431 2954 ab
445 2893 577 2956 arbitrio
589 2893 777 2974 legislatoris
792 2895 919 2973 pendet.
937 2895 1047 2974 ltaque

59 2991 184 3060 ,sufficit
205 2991 416 3070 promulgatio
440 2991 522 3053 iacta
545 2993 578 3052 in
599 2993 678 3054 urbe
708 2992 864 3072 principe3
887 2992 947 3053 nisi
961 2992 1046 3053 aliud

77 3090 284 3168 exprimatur3
301 3107 329 3150 v.
347 3107 375 3168 g.
401 3094 435 3150 ut
453 3089 683 3168 Episcoporum
701 3092 786 3169 leges
800 3089 953 3168 obligent,
972 3089 1047 3152 satis

77 3189 217 3268 estquod
230 3187 264 3248 in
278 3186 451 3250 cathedrali
466 3187 594 3253 civitate
608 3189 863 3267 promulgentur.

107 3287 146 3346 ll.
161 3283 331 3366 Pontificem
345 3283 418 3364 leges
431 3284 534 3345 Romoe
543 3285 784 3366 promulgantur.

109 3384 141 3446 Si
164 3384 287 3445 factum
301 3387 493 3462 spectemus,
506 3399 573 3443 non
593 3399 657 3444 una
669 3383 846 3462 eademque
859 3383 962 3446 forma
978 3401 1046 3446 ser·
1061 3404 1063 3408 ·

101 3541 136 3608 (l)
149 3543 379 3606 Schmalagrueber,
390 3542 436 3592 vos
449 3540 653 3602 ecclesiasticum,
665 3542 707 3592 lib.
718 3544 739 3606 1,
752 3542 793 3594 til.
809 3545 834 3607 2,
848 3542 901 3605 ξι.
915 3569 947 3583 -
955 3543 1047 3612 δοκὼ,

77 3621 245 3672 institutiones
252 3622 327 3694 juvia
334 3621 442 3686 poetici,
453 3633 512 3694 pars
523 3621 543 3692 l,
558 3637 614 3686 cap.
629 3635 658 3684 u,
675 3622 740 3686 §te
1006 3657 1008 3662 -

190 3720 214 3762 1.
910 3717 925 3762 8
