2588 4272
196 263 248 346 tat
351 267 507 322 uxrosrrro
529 257 708 320 usruomc'a
727 257 811 316 turis
833 260 991 318 cenorum.

195 387 1177 474 tiam;potestasautemJurisdictioniscooperationemhomi-

194 508 272 554 num
283 482 396 572 'dirigit
410 491 473 554 sive
486 509 542 571 per
557 487 784 570 magisterium,
805 487 870 551 sive
883 508 940 568 per
957 488 1175 568 disciplinam·

235 591 345 670 Itaque
368 590 513 653 universa
533 587 724 651 clericorum
742 593 880 667 potestas
903 587 950 650 vel
977 587 1017 648 ad
1046 603 1174 649 sacrum

197 687 467 751 ministeriumvel
479 687 679 750 adEcclesiae
690 686 834 765 regimen
849 685 996 766 pertinet.
1014 687 1060 746 Es
1071 685 1181 748 diver-

198 785 288 849 sitate
302 787 466 868 utriusque
486 785 602 866 objecti
617 785 684 866 jam
697 784 869 848 innotescit
884 785 1059 848 discrimen
1082 784 1179 847 Ordi-

197 883 247 944 nis
269 889 301 947 et
320 882 581 948 Jurisdictionis:
605 883 690 945 Ordo
710 901 765 945 scu
780 882 993 946 ministerium
1014 900 1072 962 per
1096 881 1180 944 ritus

199 983 389 1060 sanctificst3
403 987 542 1064 potestas
557 999 630 1045 vero
640 975 876 1044 Jurisdictionis
891 981 924 1042 in
938 982 1082 1062 regendo
1099 998 1182 1044 con-

199 1079 283 1143 sistit
298 1081 353 1162 (l).
372 1089 377 1100 '
1147 1083 1149 1088 ’

238 1181 276 1242 11.
292 1167 387 1242 Aliud
404 1179 575 1243 discrimen
588 1177 688 1241 oritur
699 1196 737 1239 ee
750 1175 902 1260 modoque
916 1177 1082 1262 acquiritur
1093 1184 1182 1242 utra·

200 1294 261 1360 que
276 1283 423 1358 potestas.
444 1278 570 1341 Etenim
589 1282 727 1356 potestas
745 1276 870 1338 Ordinis
885 1295 942 1358 per
960 1295 1083 1341 sacram
1098 1278 1183 1340 ordi-

199 1376 343 1440 nationem
358 1378 529 1440 confertur.
546 1378 689 1438 Potestas
700 1379 807 1438 autem
827 1373 1063 1440 Jurisdictionis
1077 1383 1186 1440 trans·

201 1479 338 1542 mittitur
346 1498 403 1560 per
414 1479 587 1555 messionem,
603 1496 674 1560 quas
687 1479 836 1541 definitur
851 1497 858 1540 :
873 1477 1003 1562 [epitimc
1015 1482 1182 1563 assr'pnutr'o

199 1575 394 1654 subditorum,
416 1577 465 1640 vel
485 1575 616 1660 lepitima
637 1575 785 1658 deputatio
804 1575 845 1638 ad
859 1575 1052 1642 exercendum
1072 1600 1184 1642 munus

200 1674 354 1756 spirituale
365 1675 417 1758 (l).

242 1776 329 1836 Hanc
344 1773 582 1836 distinctionem
599 1774 696 1838 tradit
719 1776 751 1838 S.
776 1775 934 1838 Thomas:
957 1797 970 1836 o
988 1777 1112 1858 Duplex
1136 1781 1185 1841 est

202 1871 374 1952 spiritualis
392 1877 542 1952 potestas,
560 1890 623 1934 una
637 1873 768 1952 quidem
783 1876 1030 1952 sacramentalis,
1051 1876 1113 1941 alia
1133 1876 1187 1956 ju·

203 1969 439 2034 risdictionalis.
457 1971 702 2059 sacramentalis
720 1959 850 2051 quidem
868 1980 1008 2054 potestas
1028 1979 1087 2050 est,
1110 1992 1187 2056 quae

203 2085 261 2148 per
274 2069 413 2148 aliquam
426 2069 701 2133 consecrationem
715 2071 914 2136 confertum„
937 2078 969 2136 et
986 2073 1057 2136 talis
1079 2079 1189 2152 potes-

203 2172 251 2229 tas
277 2169 453 2230 secundum
482 2185 572 2230 suam
602 2168 772 2232 essentiam
801 2176 945 2234 remanet
975 2171 1008 2232 in
1037 2171 1185 2248 homine,

205 2267 346 2347 quaudiu
360 2267 445 2331 vivit.
457 2269 599 2330 Potestas
618 2271 724 2342 autem
735 2267 967 2348 jurisdictionis
982 2274 1041 2346 est,
1059 2288 1132 2351 quae
1148 2291 1187 2334 ex

130 2361 133 2402 ἶ
205 2365 342 2448 simplici
354 2367 551 2447 injunctione
565 2366 704 2428 hominis
720 2367 899 2446 confertum
912 2357 946 2431 'et
959 2369 1030 2431 talis
1044 2375 1187 2450 potestas

205 2483 270 2528 non
284 2463 493 2528 immobiliter
506 2465 649 2528 adhaeret
665 2467 718 2547 (3).
742 2489 754 2526 a
1028 2471 1031 2476 “

246 2563 422 2626 Concilium
436 2563 658 2629 Tridentinum
672 2565 712 2625 ad
726 2564 886 2646 legitimos
901 2565 1053 2630 Ilcclesiae
1071 2567 1187 2630 minis-

206 2660 273 2724 tros
286 2661 525 2724 constituendos
545 2661 781 2724 ordinationem
797 2668 829 2726 et
844 2663 1029 2726 missionem
1041 2683 1188 2728 necessa·

207 2759 287 2822 riam
302 2777 369 2822 esse
382 2761 524 2824 definivit
540 2779 548 2824 r
568 2781 584 2824 e
602 2761 635 2823 Si
653 2761 724 2842 quis
737 2761 853 2825 dixerit
865 2781 919 2826 eos
931 2764 987 2843 qui
999 2783 1059 2828 nec
1077 2765 1118 2828 ab
1134 2780 1189 2829 ec·

207 2859 382 2923 clesiastica
397 2864 427 2921 et
442 2859 596 2922 canonica
610 2863 767 2940 potestate
781 2861 840 2924 rite
861 2861 1002 2940 ordinati,
1022 2882 1083 2928 nec
1106 2863 1191 2927 mosi

208 2964 292 3035 sunt,
305 2957 465 3040 legitimos
480 2976 546 3022 csse
558 2959 655 3025 Verbi
669 2966 700 3023 et
713 2961 992 3024 Sacramentorum
1007 2963 1184 3044 ministros,

208 3057 377 3120 anathema
390 3055 431 3118 sit
445 3055 500 3139 (l).
509 3079 524 3117 n

219 3247 272 3340 σω
287 3245 395 3306 Maenio,
423 3244 561 3308 Episcopus
573 3243 744 3308 senoniensis
764 3243 836 3294 tants
861 3245 974 3295 canonici
997 3243 1185 3312 institutiones,

208 3325 569 3468 talpa11g⁰u⁸piapomum
584 3405 658 3470 juris
671 3403 768 3471 publici
790 3404 959 3468 ecclesiastici,
974 3404 1033 3472 p‘a'rs
1049 3407 1084 3472 11,
1098 3410 1144 3462 lib.
1161 3413 1185 3481 Ι,

210 3500 318 3634 “leli
337 3567 453 3626 Thomas,
469 3570 492 3618 2.
507 3568 533 3618 2.
547 3573 636 3628 quest.
654 3570 695 3629 etl,
706 3574 754 3620 art.
772 3572 795 3619 3.

242 3645 278 3711 (t)
292 3645 429 3698 Concilium
440 3645 693 3710 tridentinum,sess.
706 3649 797 3711 xxlll,
809 3660 866 3699 can.
877 3660 921 3698 vn.
