2630 4250
471 189 545 234 PARS
566 189 732 236 ernoldus.
818 205 822 212 ⁴
886 205 888 208 ·
1038 187 1092 236 229

110 303 257 367 conterre
280 309 414 386 possunt
429 306 616 382 cardinales,
645 311 676 368 et
696 305 742 370 ita
755 305 924 368 coniicitur
944 321 1096 369 numerus

111 401 283 480 requisitus
300 402 535 482 suffragiorum.
981 449 985 460 ·

152 496 203 562 IV.
226 499 329 562 Electi
339 501 480 564 conclusio
493 511 524 564 ‘et
543 501 699 583 Pontifices
723 502 878 564 coronatio.
906 539 946 550 —-
966 510 1098 572 Peracta

110 598 282 675 electione,
303 600 422 680 petitur
441 601 534 666 eiecti
550 617 745 672 consensus;
770 617 834 680 quo
848 604 1002 682 praestito,
1015 605 1095 686 ipse,

110 695 182 758 sine
209 697 271 758 ulla
291 697 545 774 confirmatione,
565 715 641 760 eum
668 698 749 760 desit
772 698 805 758 in
826 700 918 763 terris
941 704 1095 782 superior,

113 792 249 856 efficitur
264 795 381 856 Christi
407 795 551 859 Vicarius
575 800 608 856 et
634 794 868 874 plenitudinem
892 801 1057 876 potestatis
1080 819 1097 862 a

111 893 180 954 Deo
196 893 412 972 consequitur.
431 893 499 956 Sibi
516 909 635 956 nomen
651 893 790 972 imponit
804 899 836 954 ct
850 895 1003 958 salutatur
1015 900 1101 960 Pon·

110 989 202 1050 tifex.
217 989 340 1050 illectio
353 989 440 1050 illius
454 990 576 1067 populo
589 989 804 1052 annuntiatur.

154 1086 511 1166 Sequiturconsecratio
526 1087 632 1160 electi,
651 1088 678 1147 si
700 1087 843 1148 nondum
857 1088 897 1152 sit
905 1089 1094 1168 Episcopus,

112 1183 290 1258 coronatio,
306 1188 338 1244 et
351 1183 487 1246 subinde
500 1183 710 1262 possessionis
723 1186 893 1264 occupatio
904 1187 1096 1250 indeciesia

110 1281 327 1344 Lateranensi.

270 1480 475 1539 ansr102·.-
492 1482 529 1530 Dr
545 1493 731 1543 meronensis
743 1483 775 1532 R.
792 1483 941 1533 Ponrrrrcra.

153 1639 242 1698 Inter
255 1635 477 1714 praerogativas
494 1635 617 1698 Summi
632 1637 796 1698 Pontificis
814 1634 1043 1700 recensentur:

150 1784 178 1834 i.
193 1778 275 1836 Illius
286 1782 356 1849 jura
371 1779 541 1836 honorifica.

150 1870 179 1922 2.
192 1867 285 1932 Varire
295 1865 449 1937 dignitates
464 1867 726 1938 quibuslungilur.

152 1957 180 2011 3.
193 1957 320 2012 Potestas
335 1955 503 2027 temporalis
516 1956 548 2012 in
562 1955 704 2012 ditionem
716 1956 951 2018 ecclesiasticam.

343 2146 362 2194 l.
378 2143 482 2194 -Jura
492 2145 626 2196 honorilice
640 2147 670 2196 R.
683 2147 810 2198 Pontificis
822 2149 864 2232 (J).

156 2299 310 2362 Catholici
327 2299 443 2361 merito
470 2301 507 2360 R.
532 2297 721 2362 Pontificem
735 2299 910 2361 honoribus
924 2301 1089 2372 afficiunt;

113 2415 193 2458 narn
216 2397 367 2460 Ecclesia.
384 2390 495 2472 laicos,
523 2395 668 2470 clericos,
696 2398 888 2474 sacerdotes,
920 2399 1097 2478 Episcopos

112 2495 204 2574 juxta
215 2496 316 2557 varios
330 2495 446 2574 gradus
461 2491 554 2555 variis
570 2493 674 2554 modis
685 2498 868 2570 veneratur;
884 2512 958 2556 eum
970 2498 1006 2556 R.
1021 2497 1102 2555 Pon-

114 2594 196 2656 tifex
223 2594 263 2654 sit
290 2597 386 2672 caput
407 2590 585 2666 moclena,
612 2591 758 2670 proiecto
791 2593 830 2652 ad
860 2608 933 2651 eum
960 2591 1098 2668 pertinet

116 2679 272 2770 primatus
294 2689 438 2763 honoris,
467 2693 499 2750 et
528 2688 740 2768 singularibus
764 2687 980 2769 prerogativis
1000 2687 1100 2748 hono-

115 2788 216 2850 rificis
234 2789 305 2867 jure
329 2785 476 2866 splendet
498 2785 598 2864 ipsius
617 2785 801 2848 auctoritas.
826 2784 964 2846 Aliunde
988 2783 1099 2863 hujus-

115 2887 208 2950 modi
231 2887 368 2947 honores
391 2901 457 2946 non
480 2883 520 2943 ad
549 2883 724 2961 bominem,
759 2883 814 2945 sed
840 2883 879 2944 ad
909 2881 1098 2962 dignitatem

115 2986 309 3050 referuntur.

156 3083 271 3161 Fulget
280 3083 387 3141 autem
398 3079 514 3140 sancta
528 3079 626 3140 Sedes
640 3077 744 3156 titulis,
761 3077 931 3160 inciperim,
948 3083 979 3141 et
992 3075 1099 3138 ritibus

16 3243 18 3259 ‚
116 3178 235 3259 quibus
248 3175 423 3240 reverentia
433 3175 640 3238 Pontificibus
651 3177 829 3240 exhibetur.

17 3273 18 3284 ¹
155 3277 181 3338 Ι.
211 3275 315 3336 Tituli.
330 3275 633 3334 -Praeternomen
653 3273 773 3334 Summi
790 3272 959 3354 Pontificis,
988 3271 1100 3334 titulus

114 3477 119 3488 ·
146 3469 182 3530 (1)
202 3465 316 3528 Phillips,
330 3461 447 3514 Manuale
458 3459 531 3525 juris
550 3459 723 3529 ecclesiastici,
745 3463 760 3528 ἓ
789 3467 844 3517 102.
861 3489 892 3502 -
910 3463 1098 3524 Thomassinus,

120 3547 199 3598 Vetus
211 3549 235 3596 et
247 3546 317 3596 Novo
329 3541 445 3593 Ecclesioe
459 3540 610 3606 Disciplina,
621 3555 680 3606 pars
692 3543 767 3605 1‚lib.
781 3545 814 3595 ll.

859 3686 871 3714 D
