2620 4258
207 277 257 322 att
370 273 527 321 Expostulo
549 273 727 320 unruomctt
747 274 830 320 touls
853 272 1009 320 canonici.

298 481 412 542 ansrro
423 484 460 531 2¹.
481 505 508 518 ·-
522 481 559 530 Dr
570 491 752 531 cruentamur
766 491 874 530 concurr
891 487 1026 527 cruentus
1039 476 1084 540 (t).

243 651 267 702 t.
281 647 465 703 Praesidentia
479 646 568 703 illius.

241 739 268 790 2.
284 737 428 792 Numerus
441 735 597 806 requisitus
611 733 822 790 membrorum.

240 825 267 880 3.
281 824 434 894 Objectum
447 828 476 879 et
490 823 583 880 forma
598 822 825 880 deliberationis.

590 1032 615 1080 t.
629 1029 801 1080 Presidentta.

245 1195 263 1258 J
266 1213 301 1256 us
315 1195 507 1275 praesidendi
519 1196 657 1275 pertinet
663 1196 704 1257 ad
716 1195 807 1256 illum
822 1195 876 1274 qui
889 1195 1059 1256 concilium
1069 1211 1192 1256 convo·

207 1293 298 1368 cavit,
320 1294 442 1356 scilicet
463 1295 503 1354 ad
527 1295 616 1354 illum
631 1293 686 1372 qui
698 1297 814 1372 preest
828 1293 964 1370 collegio
980 1298 1186 1374 congregato.

208 1391 304 1469 Atqui
311 1390 382 1471 jure
392 1391 499 1452 divino
508 1393 658 1454 Summus
670 1391 814 1453 Pontifex
820 1389 987 1468 Episcopis
999 1389 1186 1468 preficitur.

207 1490 290 1568 Ergo
304 1489 375 1568 jure
386 1489 493 1550 divino
507 1488 652 1550 conciliis
667 1487 866 1569 generalibus
879 1486 1039 1564 praesidet.

247 1588 292 1646 Ex
308 1587 439 1648 historia
462 1589 586 1648 constat
606 1585 692 1664 ipsos
705 1585 869 1665 praefuisse
887 1583 1033 1645 conciliis
1046 1599 1188 1646 oecume·

208 1684 287 1745 uicis
302 1685 349 1746 rel
373 1701 430 1762 per
445 1701 489 1757 se,
516 1683 564 1744 vel
584 1699 641 1762 per
664 1700 736 1745 suos
760 1683 891 1762 legatos,
920 1683 968 1743 vel
984 1679 1189 1743 nullomodo

208 1782 379 1860 praefuisse,
396 1782 450 1842 sed
467 1780 593 1844 decreta
606 1779 735 1842 concilii
749 1778 952 1858 approbasse.

250 1878 282 1939 Si
296 1878 391 1938 etiam
407 1879 617 1955 Imperatores
630 1877 773 1938 conciliis
788 1876 948 1956 prefuisse
958 1875 1105 1955 legimus,
1120 1891 1188 1936 ma-

208 1973 360 2036 nifestum
374 1978 421 2034 est
433 1973 465 2032 id
486 1989 552 2034 non
565 1972 626 2032 nisi
638 1973 678 2032 ad
695 1975 851 2034 tuendum
868 1973 1025 2046 ordinem,
1052 1972 1186 2034 minime
1203 2019 1207 2030 .

208 2087 282 2132 vero
298 2071 338 2130 ad
358 2068 594 2149 praesidentiam
616 2068 801 2131 directivam
827 2075 993 2148 spectasse.
1011 2070 1187 2133 Difficultas

209 2167 338 2228 solvitur
364 2166 579 2228 distinctione.
602 2167 765 2246 Principes
792 2168 924 2247 quidem
944 2169 1142 2247 praefuerunt
1151 2173 1189 2229 ut

210 2264 390 2342 defensores
414 2264 634 2341 conciliorum,
662 2283 725 2326 non
748 2270 784 2328 ut
804 2266 940 2346 judiees;
971 2265 1187 2346 praesidebant

210 2362 425 2438 materialiter,
435 2379 500 2424 non
512 2362 700 2424 formaliter.

423 2585 448 2630 ¹2.
467 2583 590 2631 Numerus
603 2569 739 2642 requisitus
747 2581 914 2632 membmrum
927 2585 974 2647 (t).

251 2747 428 2810 Concilium
446 2750 591 2828 generale
615 2751 821 2827 repraesentat
841 2747 1014 2810 Ecclesiam
1034 2765 1093 2826 per
1109 2766 1190 2811 con·

210 2845 428 2926 gregationem
443 2845 586 2924 corporis
603 2845 802 2926 episcopalis.
818 2847 965 2908 Jamvero
982 2845 1189 2925 distinguitur

212 2943 328 3022 duplex
344 2941 430 3003 illius
446 2941 671 3018 universalitas,
688 2959 804 3022 nempe
818 2941 953 3023 formulis
967 2948 999 3004 et
1011 2943 1188 3004 mater-eolis.

211 3039 433 3124 Universalitas
455 3039 595 3102 formalis
615 3040 759 3102 consistit
782 3041 814 3100 in
831 3040 949 3102 unione
967 3039 1190 3102 membrorum

212 3138 269 3199 sub
280 3139 395 3218 capite,
405 3137 566 3217 siquidem
578 3138 749 3217 collegium
760 3136 939 3216 episcopale
951 3143 1076 3202 constat
1085 3137 1191 3218 capite

213 3239 244 3295 et
259 3235 427 3298 memhris.

251 3333 370 3394 Praeter
384 3335 482 3408 illam,
500 3331 672 3412 requiritur
687 3331 904 3397 universalitas
924 3333 1107 3410 materialis,
1127 3349 1193 3411 qua

244 3529 278 3593 (1)
290 3525 406 3592 Durnnti,
419 3531 454 3580 De
465 3530 539 3580 modo
548 3531 690 3582 celebrandi
699 3533 841 3582 aenulfum.

246 3612 278 3674 (2)
291 3610 381 3674 Sogtia,
393 3609 564 3662 institutiones
573 3611 646 3676 juris
659 3611 765 3677 publici,
778 3626 836 3676 pars
851 3613 872 3675 l,
887 3627 945 3677 cap.
964 3627 991 3665 rr.
