2588 4272
594 731 753 822 LIBER
786 731 826 818 ll

327 962 385 1030 DE
419 957 833 1029 COLLECTIONIBUS
866 955 1095 1024 GANONUM

402 1229 547 1270 PROOEHIUM
565 1230 599 1270 Dr
620 1229 838 1270 COLLECTIONIBUS
857 1227 1017 1268 ceduulfus.

263 1390 288 1450 l.
305 1387 403 1449 Nullis
413 1386 504 1448 initio
516 1363 739 1449 ecclesiastica?
745 1385 911 1464 disciplina
920 1384 1043 1464 legibus
1057 1383 1192 1463 scriptis,

223 1487 276 1548 sed
293 1483 414 1547 traditis
425 1483 464 1545 ab
482 1502 592 1546 eorum
606 1485 826 1548 conditoribus
835 1482 1002 1563 praeceptis
1013 1483 1194 1561 regebatur,

224 1603 295 1664 quae
310 1583 438 1660 deinde,
452 1602 492 1646 ne
502 1586 624 1647 incerta
637 1589 836 1664 vagarentur,
853 1583 1001 1646 brevibus
1016 1581 1195 1656 sententiis,

225 1683 410 1758 canonibus,
427 1684 545 1762 scripto
559 1683 776 1746 tradebantur.

263 1779 404 1842 Ganones
418 1781 644 1856 conciliorum,
664 1786 695 1842 et
710 1783 915 1842 Summcrum
936 1779 1131 1841 Pontificum
1144 1778 1196 1838 dc·

225 1881 324 1951 creta,
344 1877 474 1938 diversis
487 1877 684 1955 temporibus
700 1883 732 1939 et
748 1877 827 1940 locis
846 1876 1028 1952 constituta,
1043 1876 1077 1936 in
1098 1889 1196 1935 unum

225 1974 372 2036 codicem
395 1974 502 2054 colligi
523 1979 703 2054 coeperunt3
732 1976 815 2037 unde
839 1975 1025 2056 prodierunt
1037 1987 1195 2036 canonum

227 2069 437 2151 Collectr'ooes(
456 2071 480 2151 ).

265 2171 302 2231 ll.
317 2172 361 2232 De
386 2169 627 2233 collectionibus
638 2171 708 2234 haec
721 2171 895 2252 generatim
917 2168 1195 2232 animadvertenda
1255 2207 1256 2211 =

225 2271 320 2328 sunt:
802 2282 805 2289 ·

264 2367 295 2428 l.
310 2365 345 2425 ln
359 2381 452 2426 causa
465 2366 538 2428 lidei
551 2368 639 2428 nulla
654 2385 721 2430 esse
736 2371 841 2448 potest
853 2365 937 2428 inter
955 2363 1114 2426 Ecclesias
1136 2363 1194 2424 dil-

223 2462 367 2526 ferentia.
398 2465 516 2526 Verum
539 2473 689 2528 manente
720 2464 946 2528 communione
972 2461 1193 2533 ecclesiastica,

222 2561 307 2622 varia
328 2567 516 2642 potestesse
535 2564 703 2643 disciplina
716 2563 941 2626 Ecclesiarum.
958 2561 1039 2623 Hinc
1052 2560 1195 2640 quaedam

223 2659 373 2722 Ecclesiae
388 2678 459 2722 suas
473 2679 631 2724 canonum
644 2663 849 2726 collectiones
861 2661 1051 2736 habuerunt,
1063 2660 1098 2719 in
1109 2672 1193 2738 quas,

224 2764 341 2835 praeter
367 2777 505 2822 canones
528 2763 700 2840 generales,
726 2761 773 2822 illi
798 2776 923 2840 quoque
947 2757 1090 2836 congesti
1112 2759 1192 2830 sunt,

225 2871 304 2932 quos
316 2855 457 2918 Ecclesia
470 2859 587 2936 qumvis
601 2859 662 2920 sihi
676 2858 822 2938 proprios
837 2857 1057 2920 constitueret.

262 2955 292 3013 2.
307 2951 380 3013 Sola
402 2951 559 3016 canonum
577 2955 611 3016 in
635 2973 735 3016 unum
750 2955 896 3017 codicem
915 2953 1062 3016 collectio
1077 2953 1194 3014 nullam

225 3045 344 3110 eisdem
365 3049 538 3112 canonibus
552 3053 772 3115 auctoritatem
788 3052 890 3128 addit,
911 3051 1049 3112 Proinde
1061 3066 1193 3112 canones
1286 3081 1287 3084 κ

224 3143 256 3202 in
278 3162 377 3208 unum
400 3147 546 3209 codicem
577 3136 595 3209 a
618 3151 747 3228 privatis
776 3148 958 3212 auctoribus
983 3149 1111 3210 collecti
1133 3163 1193 3208 non

223 3239 316 3300 aliam
329 3244 550 3306 auctoritatem
565 3245 722 3323 obtinent,
734 3252 941 3326 praeteream,
958 3261 1056 3324 quam
1066 3260 1194 3322 accepe-

206 3341 297 3428 'runt
307 3353 345 3400 ex
357 3339 508 3415 fontibus,
523 3342 608 3404 unde
620 3343 779 3423 desumpti
790 3348 872 3406 sunt.
890 3345 1000 3422 ltaque
1010 3347 1045 3403 ut
1059 3357 1192 3404 canones

223 3433 345 3496 ratione
359 3437 556 3499 collectionis
572 3440 636 3502 vim
650 3442 789 3521 aliquam
807 3448 1052 3522 consequantur,
1070 3443 1194 3523 oportet

254 3617 286 3678 (1)
295 3615 426 3682 Zallinger,
432 3620 545 3672 Historia
553 3602 664 3686 fontium
667 3625 739 3688 jum'e
748 3621 869 3688 cononici,
880 3640 935 3689 cap.
950 3640 969 3678 r.
