2630 4250
443 233 447 244 ’
470 265 545 312 rurs
567 265 732 314 susurrus.
987 329 992 345 ι
1044 265 1093 314 sss

114 386 177 448 lste
192 386 274 451 ordo
287 385 427 466 pertinet
441 385 481 448 ad
493 384 706 448 hierarchiam
719 386 869 450 divinitus
890 385 1069 448 institutam
1085 405 1093 450 :

119 483 182 546 «Si
198 483 270 564 quis
288 484 402 552 dixerit
417 484 450 546 in
474 485 617 546 Ecclesia
642 484 797 548 catholica
811 501 877 546 uon
889 500 955 546 esse
975 483 1095 546 bierar·

114 579 222 642 chiam
243 581 348 644 divina
372 582 574 666 ordinatione
591 583 780 658 institutam,
808 601 879 662 quae
905 587 1029 645 constat
1058 599 1102 646 ex-

114 679 293 768 Episoopis,
321 681 516 759 Presbyteris
540 686 571 744 et
585 681 748 758 Minicius,
763 681 931 744 anathema
946 681 986 742 sit
1008 680 1060 760 (l).
1076 702 1090 737 ιι

113 779 160 840 Ex
178 777 217 852 iis
232 779 335 840 verbis
349 779 485 842 Ministri
500 784 610 844 tenent
623 781 753 860 tertium
772 781 906 859 gradum
920 779 953 840 iu
968 779 1093 840 Hierac-

114 874 187 936 chia
200 875 361 936 Ordinisa
384 875 509 940 Christo
529 877 699 952 iustitutae3
720 877 807 958 atqui
831 877 988 940 Diaconos
1013 887 1104 955 pra-¹

115 971 237 1036 eminet
260 973 346 1036 inter
369 974 545 1038 Ministros.
565 976 704 1038 Proinde
727 975 914 1038 Diaoouatui
940 971 1096 1084 competit

116 1069 205 1148 origo
223 1069 330 1132 divina
343 1075 374 1132 et
392 1071 472 1132 ratio
485 1073 684 1135 sacramenti

155 1170 187 1229 2.
203 1166 373 1236 Dr‘scremen
397 1169 475 1230 iuter
494 1168 743 1232 Subdiecouotum
766 1178 795 1232 et
821 1168 935 1232 ordines
960 1167 1096 1232 meceres.

117 1264 373 1328 subdiaconatus
383 1272 431 1330 est
441 1268 520 1329 ordo
531 1284 632 1344 sacer,
648 1286 713 1350 quo
727 1268 877 1330 tribuitur
888 1271 1027 1347 potestas
1041 1264 1098 1326 mi·

115 1363 274 1426 nistrandi
288 1365 425 1428 diacono
440 1371 471 1428 et
486 1367 642 1430 sacerdoti
655 1367 688 1428 in
701 1368 802 1432 Missae
817 1365 983 1428 sacrificio.
1001 1363 1095 1444 Apud

115 1460 257 1538 Latinos,
279 1462 339 1524 iste
353 1464 434 1526 ordo
453 1463 536 1526 inter
548 1465 676 1528 ordines
694 1481 800 1526 sacros
814 1468 996 1526 recensetur
1009 1481 1026 1524 a
1039 1480 1098 1524 sae·

23 1589 25 1594 ·
116 1558 189 1620 culo
203 1575 260 1634 ιιιι,
283 1564 354 1620 tum
369 1561 443 1640 quia
466 1559 661 1622 subdiaconi
687 1579 744 1622 suo
764 1577 897 1622 munere
921 1560 1097 1640 funguntur

117 1675 210 1736 supra
225 1659 341 1736 gradus
355 1658 474 1735 altaris,
487 1666 556 1720 tum
571 1659 646 1736 quia
659 1659 722 1718 illis
735 1657 911 1738 imponitur
924 1659 976 1720 lex
991 1658 1096 1722 conti-

117 1756 234 1818 nentiae
249 1761 283 1820 et
297 1757 451 1838 obligatio
466 1757 547 1820 recit
534 1757 623 1820 tandi
637 1755 780 1820 ollicium
792 1756 932 1822 divinum
948 1755 1000 1838 (1).

154 1857 191 1918 lI.
217 1854 343 1918 Ordines
361 1855 487 1958 uiueres
515 1855 759 1919 considerantur
777 1855 899 1920 ratione
919 1857 1044 1918 numeri
1064 1862 1097 1922 et

120 1949 261 2030 originis.
1115 1960 1118 1965 ·

156 2051 185 2112 1.
203 2047 354 2110 Numerus
369 2065 480 2110 eorum
495 2046 745 2128 diversusviget
737 2065 770 2108 111
784 2039 927 2110 Ecclesia
943 2049 1051 2110 Graeca
1065 2051 1097 2110 et

118 2148 149 2210 in
166 2146 313 2210 Ecclesia
335 2147 455 2208 Latina.
475 2147 601 2210 Etenim
615 2148 649 2208 in
671 2146 813 2208 Ecclesia
839 2147 959 2223 Graeca,
980 2151 1098 2226 praeter

118 2246 359 2326 Episcopaturu
374 2245 628 2327 presbyteratum
644 2250 676 2308 et
694 2245 908 2320 diaconatum,
928 2262 1099 2308 numeran-

117 2350 169 2406 tur
178 2348 305 2408 tantum
319 2343 569 2426 bppodebecuotus
582 2348 615 2406 et
632 2343 796 2404 doctoratus.
814 2345 933 2406 Verum
946 2344 979 2406 iu
989 2345 1096 2406 Eccle-

117 2442 159 2504 sia
173 2442 297 2518 Latina,
314 2448 431 2521 praeter
440 2448 504 2508 tres
518 2443 643 2524 priores
657 2441 785 2522 ordines
797 2441 1026 2516 hierarchicos,
1044 2459 1096 2504 re-

115 2546 287 2604 censentur
306 2541 553 2604 subdiaconatus
580 2545 612 2604 et
632 2546 770 2622 quatuor
793 2540 933 2603 minores
954 2541 1094 2620 ordines,

113 2657 231 2720 nempe
239 2638 436 2721 acolythatus,
443 2640 649 2714 ercrcistotus,
660 2639 817 2700 doctoratus
831 2637 1044 2700 etoste'oriotus.
1058 2641 1097 2702 lli

114 2734 247 2814 quidem
269 2749 380 2794 omnes
401 2733 435 2794 in
449 2734 593 2804 Ecclesia
609 2734 750 2796 Romana
769 2747 901 2812 semper,
918 2735 1098 2796 constantes

81 2905 84 2910 ¹
114 2831 263 2906 fuerunt;
280 2848 345 2910 nou
358 2831 438 2916 item
449 2847 524 2892 vero
539 2831 571 2892 iu
585 2831 737 2894 Ecclesiis
752 2831 822 2892 aliis
839 2829 1095 2912 particularibus,

114 2931 178 2992 sive
190 2929 411 3010 orientalibus,
426 2929 489 2992 sive
502 2929 755 2992 occidentalibus
769 2927 821 3011 (3).

151 3031 182 3091 2.
199 3028 250 3091 Ad
263 3027 502 3108 cespiuemquod
515 3029 639 3103 attinet,
657 3025 899 3090 subdiaconatui
917 3030 950 3089 et
967 3025 1099 3089 minori·

112 3125 171 3188 bus
199 3126 366 3188 ordinibus
400 3127 585 3208 singulatim
609 3127 701 3189 deest
726 3125 889 3188 institutio
910 3125 1027 3188 diviua.
1060 3126 1096 3193 ld

116 3229 239 3287 constat
257 3224 357 3304 primo
372 3243 410 3287 ex
424 3225 629 3312 antiquorum
645 3221 851 3297 testimoniis,
867 3222 922 3302 qui
950 3239 1097 3302 expresse

117 3323 287 3400 affirmant,
310 3328 474 3388 crescente
495 3321 641 3385 fidelium
656 3321 873 3398 multitudine,
890 3317 930 3382 ab
952 3323 1097 3389 Ecclesia

146 3473 177 3534 (ι)
191 3473 257 3524 sess
272 3474 363 3536 xlllll,
378 3487 434 3525 ceu.
448 3487 485 3524 rr.

148 3551 179 3614 (2)
193 3553 291 3612 heroti,
303 3554 495 3606 Institutionum
506 3553 683 3605 canonicorum
696 3551 741 3603 lib.
757 3552 778 3614 l,
788 3550 912 3605 utu-
881 3555 961 3618 -t³)
977 3557 1097 3618 Perroue,

121 3628 154 3682 De
168 3633 269 3698 erdem,
279 3647 334 3698 cup.
350 3649 370 3686 ιι
