2620 4258
497 246 572 290 snus
594 246 755 292 senciens.
842 293 848 304 ,

528 459 552 503 1.
573 455 724 502 Residenlia.
825 449 828 457 '

174 625 198 684 Ι.
217 621 305 702 Lapis
319 622 484 682 existentia.
501 655 542 668 -
560 621 744 684 Residentia
758 627 805 714 est
820 639 933 684 munus
953 621 1113 700 Episcopi,

134 719 294 800 siquidem
311 720 407 781 etiam
418 737 456 780 ex
469 719 620 798 aequitate
633 719 770 781 naturali
781 719 893 798 nequit
905 723 1012 796 pastor
1023 735 1114 780 com-

134 819 230 878 mode
242 817 330 896 gregi
344 817 520 895 invigilare,
535 817 597 877 nisi
612 817 696 895 apud
710 833 783 878 eum
797 816 922 876 assidue
936 832 1115 878 commoro-

133 920 197 976 tur.
216 916 263 974 An
277 914 346 976 haec
362 913 514 994 obligatio
528 913 568 976 sit
580 913 660 992 juris
685 913 781 974 divini
802 929 948 991 expresse
973 912 1111 987 revelati,
1204 955 1219 966 s

133 1011 312 1072 Concilium
335 1011 558 1072 Tridentinum
590 1011 692 1077 noluit
719 1011 861 1072 delinire.
888 1013 1007 1072 Verum
1031 1026 1113 1070 noro

133 1109 263 1170 decreto
278 1113 421 1186 pastores
433 1109 471 1169 ad
491 1109 698 1170 residentiam
710 1109 826 1188 adegit.

171 1205 210 1267 ΙΙ.
235 1203 345 1266 Sensus
366 1205 446 1286 lepis.
463 1237 502 1252 -
517 1205 701 1267 Residentia
725 1205 821 1266 debet
844 1221 991 1267 essenon
1008 1205 1112 1266 solum

131 1303 318 1382 corporalis,
337 1305 391 1400 sted
405 1303 549 1364 formalis
563 1309 596 1364 et
609 1301 777 1363 laboriosa.
796 1301 971 1380 Episcopus
985 1306 1112 1364 tenetur

129 1398 279 1478 religiose
294 1417 366 1460 suas
379 1400 468 1460 obire
482 1400 683 1473 functiones;
701 1403 882 1460 accuratam
901 1398 1045 1458 dioecesis
1055 1414 1113 1462 ao-

130 1497 258 1577 quirere
271 1497 431 1570 notitiam,
449 1499 535 1559 clero
549 1503 580 1560 ct
593 1499 711 1576 populo
725 1497 887 1574 invigilare
899 1517 906 1571 3
923 1512 1111 1576 promouere

130 1595 296 1672 pietatem,
324 1590 441 1668 studia,
468 1601 500 1656 et
522 1613 619 1674 opera
647 1593 809 1657 eharitatis
828 1593 1110 1672 quibus-pauperes

128 1691 214 1752 velut
229 1685 376 1752 membra
388 1689 504 1752 Christi
515 1691 730 1752 subleventur.

168 1790 221 1848 ΙΙΙ.
246 1787 369 1848 Limites
394 1787 475 1867 lepis.
501 1787 716 1866 —Episcopi
744 1787 874 1868 singulis
894 1787 983 1851 annis
1019 1789 1109 1862 duas,

129 1871 182 1948 aut
210 1887 251 1946 ad
280 1901 443 1946 summum
462 1891 526 1953 tres
551 1874 675 1946 menses
696 1888 785 1946 extra
807 1885 969 1946 dimoesim
993 1885 1110 1948 morari
1175 1913 1177 1916 ·

128 1987 280 2062 possunt,
311 1983 496 2044 dummodo·
516 1982 551 2045 id
577 1983 632 2044 fiat
656 1981 775 2062 absque
800 1983 866 2044 ullo
890 1983 1111 2062 gregisrdetri-
1166 2027 1204 2061 .‹

130 2085 248 2151 mento.
274 2139 277 2146 ,
399 2076 400 2085 ’
1180 2067 1182 2073 ’

168 2179 217 2239 IV.
239 2176 343 2238 Causae
356 2187 532 2238 eacasoates.
554 2180 690 2242 -Sunt
712 2184 819 2240 tamen
839 2179 991 2258 legitimae
1006 2166 1120 2240 causae

132 2282 260 2354 propter
276 2277 357 2354 quas
369 2293 407 2336 ex
420 2275 658 2354 dispensatione
667 2277 703 2336 Pr.
714 2276 876 2337 Pontificis
885 2277 961 2338 licet
975 2277 1110 2356 Episco-

133 2373 352 2452 pisadioecesi
372 2373 493 2453 abesse,
512 2372 631 2434 scilicet
653 2373 823 2434 christiana
836 2374 983 2450 charitas,
995 2393 1111 2454 urgens

133 2472 314 2546 necessitas,
333 2470 442 2532 debita
455 2470 649 2545 obedientia,
665 2469 791 2532 evidens
805 2472 955 2533 Ecclesiae
975 2479 1029 2534 aut
1051 2473 1113 2534 rei-
1170 2520 1172 2524 ,

133 2568 269 2649 publicae
284 2568 417 2630 utilitas,

172 2668 210 2728 V.
227 2665 365 2728 Sanctio.
393 2699 433 2712 -
457 2667 490 2728 si
513 2662 692 2745 Episcopus
720 2665 885 2745 illegitime
910 2683 963 2728 sex
988 2685 1111 2732 menses

133 2761 279 2837 abluerit,
294 2782 367 2826 suos
389 2781 454 2842 non
468 2763 545 2825 facit
559 2762 706 2826 beneficii
720 2763 852 2836 fructus,
869 2763 923 2842 qui
941 2770 1112 2842 propterea

134 2859 165 2918 in
175 2859 329 2923 fabricam
343 2861 494 2923 Ecclesiae
508 2862 555 2923 vel
571 2861 605 2923 in
618 2862 760 2923 levamen
770 2879 948 2940 pauperum
960 2864 1111 2941 erogandi

135 2963 214 3026 suut,

468 3097 492 3142 2.
512 3091 627 3142 Visitatio
645 3091 768 3142 dioecesis.
817 3113 819 3118 ·

91 3237 98 3254 ”
173 3263 199 3326 l.
225 3249 403 3322 Visitatioais
415 3263 577 3326 necessitas.
591 3295 632 3308 -
644 3263 738 3324 Juxta
753 3279 889 3326 canones
904 3265 1109 3344 antiquiores,

137 3359 298 3436 pastoralis
319 3377 394 3420 cura
415 3360 550 3438 requirit
568 3361 767 3438 frequentem
787 3359 932 3422 dioecesis
960 3364 1114 3428 visitatio-

137 3471 209 3516 nem
220 3455 260 3516 ab
273 3456 433 3538 Episcopo
444 3457 684 3529 instituendam,
699 3462 734 3519 ut
747 3462 907 3536 pastorem
918 3468 1112 3540 cognoscant

138 3545 316 3630 dioeoesani,
344 3560 374 3616 et
395 3555 570 3635 Episcopus
597 3557 636 3618 de
658 3556 872 3621 Ecclesierum
895 3562 979 3620 statu
994 3560 1112 3624 certior
1188 3629 1195 3646 ⁴

885 3684 888 3690 ·
941 3671 989 3719 la.
