2588 4272
433 276 508 323 PARS
529 275 709 322 senensem.

133 396 159 449 l.
173 393 209 449 ile
220 391 314 449 modis
327 391 432 463 quibus
445 391 479 448 fit
489 391 612 448 mutatio
624 391 737 461 legum.

130 485 156 539 2.
171 483 208 540 De
218 481 445 554 dispensatione.

320 678 341 730 l.
353 702 384 714 -
398 677 495 738 Quibus
508 675 588 726 modis
601 676 629 725 tlt
641 675 746 728 mutatio
754 677 848 740 legum.

132 850 193 910 Lex
213 863 335 908 cessare
349 849 456 926 potest
469 845 518 906 vel
531 843 568 904 ab
585 843 750 922 intrinseco,
772 862 829 924 per
843 863 876 908 se
891 845 1003 926 ipsam,
1019 848 1068 910 vel

95 945 128 1006 ab
140 944 308 1019 extrinseco,
323 962 380 1023 per
393 944 586 1004 voluntatem
599 942 800 1022 legislatoris.

131 1061 152 1122 l.
169 1061 232 1122 Lex
250 1058 369 1120 dieitur
379 1076 434 1138 per
453 1076 482 1118 se
500 1058 594 1138 ipsam
611 1077 730 1133 ressone,
749 1060 877 1138 quando
892 1061 959 1140 eJus
974 1078 1068 1124 eausa

96 1157 190 1240 inalis
205 1161 307 1219 oessat
320 1155 472 1236 adaequate
484 1162 630 1236 respectu
643 1155 891 1220 totiassoeietatis.
900 1159 990 1222 Ratio
1006 1165 1064 1234 est,

96 1256 161 1336 qula
173 1255 221 1316 vel
234 1271 273 1316 ex
286 1255 412 1315 defectu
427 1254 568 1316 materias
588 1255 638 1316 lex
656 1255 691 1316 tlt
709 1254 841 1328 inutilis,
859 1257 907 1318 vel
922 1261 1066 1318 cessante

96 1353 217 1414 omnino
232 1352 353 1414 ratione
365 1357 496 1430 propter
505 1369 601 1430 quam
609 1353 773 1433 legislator
786 1353 860 1414 tulit
873 1355 988 1434 legem,
1000 1371 1066 1416 non

96 1457 267 1531 perseverat
279 1452 422 1512 voluntas
437 1450 613 1530 obligandi.

128 1565 162 1626 ll.
183 1566 283 1642 Leges
299 1561 445 1623 voluntate
466 1561 642 1642 legislatoris
657 1562 831 1642 solvuntur,
848 1561 912 1624 sive
926 1580 1001 1643 erga
1014 1581 1064 1626 so-

97 1660 246 1736 cietatem,
265 1660 327 1722 sive
343 1677 416 1739 erga
430 1659 585 1738 singulos.
667 1657 670 1661 ’

129 1780 153 1840 l.
171 1779 294 1856 Legum
315 1775 448 1836 mutatio
471 1793 543 1856 erqo
564 1773 729 1835 societatem
753 1757 969 1855 distinguitur,
994 1779 1064 1839 tum

94 1875 203 1936 ratione
225 1873 465 1953 effeetus‘quem
480 1873 640 1952 producit,
661 1878 730 1935 turn
748 1874 872 1935 ratione
893 1874 981 1936 modi
999 1893 1077 1956 quo„

93 1974 255 2053 peragitur.

127 2071 258 2132 Ratione
282 2069 423 2145 elieotus,
448 2068 599 2150 adrogatio
623 2069 761 2132 differta
780 2068 965 2151 deropmione
978 2091 990 2133 .·
1005 2089 1063 2152 per

93 2167 324 2248 abrogationem
338 2167 389 2228 lex
401 2171 479 2244 tota,
500 2183 557 2248 per
569 2168 808 2246 derogationem
821 2187 893 2246 pars
908 2169 986 2248 legis
1000 2170 1062 2232 tol-

93 2267 171 2330 litur.

124 2367 257 2429 Ratione
282 2363 380 2440 modi,
409 2363 574 2442 abrogatlo
595 2367 628 2424 et
653 2363 817 2443 derogatio
838 2365 907 2425 fieri
930 2372 1062 2445 possunt

91 2462 145 2525 sive
159 2481 217 2544 per
231 2461 455 2534 desuetudinem,
472 2460 536 2522 sive
551 2477 625 2539 pere
641 2459 855 2522 ordinationem
867 2463 956 2544 posius
970 2464 1060 2546 legis-

90 2559 188 2625 latoris.
205 2565 285 2624 Haee
299 2559 459 2624 ordinatio
474 2563 521 2622 est
534 2559 581 2620 vel
600 2559 677 2638 legis
693 2559 846 2634 revocatio,
864 2561 998 2621 velnooa
1013 2558 1063 2620 let

91 2659 246 2722 contraria.

122 2781 149 2840 Ξ.
167 2779 253 2858 Erga
276 2775 428 2855 singulos,
454 2774 505 2836 lex
526 2772 659 2835 solvitur
675 2770 886 2856 dispensatione
907 2791 1003 2854 qnam
1028 2773 1059 2836 in

92 2876 187 2955 speeie
200 2873 423 2956 expendimus.

405 3065 437 3119 11.
453 3093 484 3106 -
497 3066 534 3117 De
546 3063 738 3129 dispensatione.

121 3218 307 3300 Da'spensata'o
336 3221 385 3280 est
409 3217 488 3296 logis
511 3215 663 3278 relaxatio
689 3215 728 3276 ad
754 3220 891 3294 tempus,
919 3215 1061 3296 legitima

91 3319 269 3380 auctoritate
282 3317 373 3391 laeta,
388 3333 426 3377 ex
436 3317 520 3394 justa
532 3331 636 3387 cansa,
650 3313 830 3392 ingratiam
845 3315 988 3395 alicujus.

123 3417 165 3476 lla
188 3417 250 3478 ista
275 3415 471 3489 definitione,
489 3413 528 3475 ad
542 3413 790 3494 dispensandum
805 3414 977 3494 requiritur
1001 3432 1060 3496 po-

93 3513 176 3572 testas
190 3515 223 3572 et
234 3511 319 3589 justa
343 3526 445 3571 causa.

124 3607 146 3668 l.
160 3607 294 3670 Potestas
310 3605 506 3687 dispensandi.
523 3639 563 3656 -
578 3604 692 3689 Regula
707 3610 737 3670 l·
753 3625 762 3670 ι
780 3608 816 3670 ln
834 3607 903 3686 lege
920 3624 976 3670 sua
995 3605 1060 3667 dis-
