2620 4258
467 191 541 237 PARS
564 191 727 239 SPEGIALIS.
1030 196 1079 241 ala

110 305 244 383 speciem
265 309 439 384 reducitur,
467 308 531 370 sive
557 307 631 386 quia
653 310 780 386 negotia
794 313 944 384 Ecclesiae
970 330 989 372 a
1008 312 1082 373 solis

99 400 244 466 ‘Praelalis
266 406 527 482 decernebantur,
556 405 620 467 sive
637 407 711 486 quia
734 407 881 487 Episcopi
896 409 981 470 velut
994 409 1083 487 regni

106 519 249 578 proceres
262 521 339 566 oumx
350 505 439 565 laicis
453 521 504 565 res
521 503 667 581 politicas
683 505 891 567 definiebant.

145 599 181 660 ΙΙ.
197 598 311 680 Species
333 599 529 662 conciliarem.
554 633 591 646 -
607 601 685 662 Cum
706 601 830 681 singula
852 602 1082 681 Episcoporum

107 696 237 774 collegia
250 698 284 758 in
297 699 441 760 conciliis
456 697 642 776 congregari
655 705 800 776 possunt,
817 700 892 760 inde
906 700 1079 778 colligitur,

106 795 151 852 tot
168 807 233 853 esse
245 795 366 872 species
381 793 592 855 conciliorum
603 798 680 871 quot
694 793 853 856 habentur
866 795 1001 874 legitimi
1014 799 1082 856 Pas·

103 891 206 949 torum
220 896 401 952 conventus.
419 891 518 968 Igitur
531 889 666 952 concilia
682 891 868 954 dividuntur
885 893 917 951 in
934 893 1081 972 peroratio

107 988 138 1046 et
145 986 351 1064 particularia.

142 1082 314 1162 Collegium
336 1087 482 1166 generale
503 1087 735 1166 Episcoporum
759 1089 904 1150 efformet
928 1075 1076 1149 canalium

104 1181 314 1256 aecumenicam,
331 1200 394 1260 quo
412 1189 656 1261 repraesentatur
669 1185 811 1247 Ecclesia
823 1185 1018 1247 universalis.

142 1279 317 1340 Concilium
325 1279 508 1359 particulare
520 1287 566 1343 est
576 1282 623 1342 vel
634 1281 861 1358 nationale,vel
872 1276 1078 1361 provinciale,

103 1376 151 1436 vel
160 1375 671 1455 dioecesenum,proutEcclesiam
682 1382 820 1443 nationis
831 1389 884 1444 aut
894 1382 1078 1461 provinciae,

99 1477 153 1534 aut
176 1475 322 1536 dioecesis
340 1481 557 1552 repraesentat.
582 1509 622 1522 -
642 1478 820 1540 Concilium
852 1479 1013 1541 nationale
1044 1498 1081 1540 ex

99 1570 267 1650 Episcopis
281 1572 374 1637 unius
384 1573 521 1633 nationis
535 1573 591 1634 sub
606 1574 847 1638 Patriarohavol
860 1575 999 1641 Primate
1012 1594 1081 1637 coa-

97 1667 203 1728 lescit.
226 1668 612 1748 Conciliumprovinciale
635 1677 759 1734 constat
771 1691 808 1734 ex
822 1674 988 1752 Episcopis
1007 1691 1080 1752 pro-

96 1764 223 1840 vinciae,
249 1765 440 1844 praesidente
462 1767 676 1847 Metropolita,
699 1775 870 1880 congregat
870 1771 907 1831 is.
936 1771 1081 1850 synodus

100 1862 279 1924 dioecesana
295 1869 342 1924 est
352 1854 512 1942 legitimus
528 1865 605 1926 cleri
621 1868 830 1945 conventus·
822 1887 857 1928 m
872 1885 935 1946 quo
950 1867 1082 2002 Episco-

98 1978 158 2039 pus
170 1977 219 2022 res
235 1961 381 2022 dioecesis
395 1962 533 2024 ordinat.

324 2171 339 2234 ς
355 2169 382 2221 2.
398 2147 522 2235 onao'et
536 2171 646 2224 utilitas
661 2173 852 2226 conciliorum.

456 2326 476 2370 t.
494 2323 585 2370 Eorum
598 2321 665 2382 origo
680 2324 723 2386 (l).

138 2474 166 2534 I'.
188 2455 276 2550 Oripo
293 2469 410 2529 concilii
419 2469 573 2550 generalis.
591 2502 630 2514 —
648 2469 786 2548 Collegia
798 2471 1031 2550 Episcoporum
1046 2472 1078 2532 in

99 2585 197 2630 unam
218 2568 413 2629 voluntatem
439 2566 607 2628 convenire
629 2571 778 2645 possunt,
802 2568 848 2628 rel
875 2566 1075 2643 habitualicer,

100 2683 216 2744 nempe
229 2665 351 2744 legibus
367 2665 414 2726 sui
430 2665 541 2744 capitis
562 2663 779 2742 obsequendo,
795 2666 842 2726 vel
858 2657 1023 2740 actualiter,
1036 2666 1079 2726 vi-

101 2764 220 2826 delicet
233 2761 266 2821 in
284 2762 439 2838 conciliis.
457 2763 595 2824 Proinde
611 2761 762 2836 Christus,
787 2778 825 2822 ex
844 2777 882 2822 eo
898 2755 985 2841 quod
1007 2779 1080 2824 con·

101 2859 241 2924 stituerit
255 2877 368 2937 corpus
391 2860 588 2939 episcopale,
612 2876 650 2920 eo
672 2858 742 2936 ipso
760 2859 913 2920 Ecclesiae
933 2859 1021 2920 dedit
1034 2860 1080 2920 fa-

98 2959 252 3019 cultatem
277 2956 459 3017 celebrandi
487 2957 623 3018 concilia
647 2957 814 3036 generalia.
844 2958 912 3017 lmo
941 2955 1079 3016 divinam

99 3053 311 3116 assistentiam
328 3053 367 3114 ab
380 3054 451 3132 ipso
470 3055 659 3133 promissam
679 3054 788 3133 fuisse,
805 3053 940 3132 probare
955 3053 1079 3115 videtur

99 3156 321 3232 argumentum
336 3169 354 3212 a
367 3151 484 3212 minori
503 3153 542 3212 ad
568 3153 669 3231 majus
690 3152 723 3211 in
738 3152 882 3214 conciliis
904 3153 1078 3213 deductum

100 3267 135 3310 ex
147 3249 253 3312 verbis
263 3247 395 3310 Christ1.'
389 3268 395 3280 ·
415 3247 472 3309 Udi
481 3256 549 3310 sunt
559 3249 616 3310 dno
630 3248 740 3310 veltres
747 3235 956 3330 congrega-itin
966 3249 1078 3310 aomina

127 3441 159 3502 (l)
170 3439 324 3502 Bellsrmin,
336 3437 498 3492 lleconcilris.
509 3409 633 3503 -Bouix,
647 3440 791 3492 Ducoacr'ie
802 3439 954 3506 provincial,
969 3443 1003 3491 1ῐ*
1020 3453 1077 3502 par-

102 3517 293 3582 aie,chap.v1.

221 3615 244 3661 1.
922 3615 953 3662 18
