2630 4250
461 193 534 239 PARS
555 191 719 238 sentiatis,
1029 197 1079 244 etl

140 317 172 375 2⁰
195 313 316 374 Primos
346 311 444 374 Itotio
469 327 563 374 sensu
599 311 714 372 eodem
744 311 900 390 negativo,
925 317 1080 390 quatenus

99 410 233 489 reliquae
248 410 392 472 nationes
407 425 499 470 suum
514 408 685 488 primatem
699 407 822 486 adeptae
835 413 918 474 sunt.

141 511 172 570 3·
187 506 374 587 Metropolim
384 505 556 585 provinciae
567 508 727 568 Romanae.
741 507 816 567 Haec
826 506 1080 584 provincianunc

100 601 271 663 coniicitur
284 618 321 660 ex
339 599 400 659 illis
415 604 540 663 tantum
554 598 720 676 Episcopis
734 598 788 676 qui
804 599 887 659 inter
901 602 1080 679 capuanam

99 697 311 776 Pisonemque
324 695 521 776 provinciam
544 695 666 768 sedent,
683 711 721 756 ac
735 695 813 755 nulli
830 697 1080 777 archiepiscopo

101 795 239 876 subjecti
264 800 346 856 sunt.
362 793 410 854 Ad
426 809 495 853 eam
512 796 657 871 spectant
673 792 769 854 etiam
788 811 900 855 omnes
918 795 1081 874 archiepi-

100 894 194 972 scopi
208 893 262 972 qui
278 893 489 970 suffraganeos
505 909 570 952 non
584 889 712 965 habeut,
727 907 854 953 necnon
878 909 989 954 omnes
1006 893 1082 971 Epi·

104 990 196 1068 scopi
218 989 356 1067 exempti
377 994 410 1050 et
422 988 551 1050 abbates
566 986 684 1048 nullius
697 986 842 1048 diaecesis
860 988 1083 1066 jurisdictione

102 1087 385 1166 quasi-episcopati
402 1085 541 1165 praediti.

144 1189 176 1244 4⁰
199 1184 364 1265 Episcopus
376 1183 457 1244 urbis
470 1183 581 1244 Homo.
596 1181 766 1244 Dioecesim
789 1199 955 1244 romanam
976 1183 1082 1244 admi-

101 1282 215 1344 nistrat
228 1282 399 1342 cardinalis
409 1281 565 1365 vicarius.

315 1477 360 1524 111.
373 1500 403 1512 —
417 1477 529 1524 Potestas
539 1474 683 1536 temporalis
697 1476 728 1522 R.
738 1474 872 1523 Pontinos.

143 1634 217 1694 Non
230 1630 451 1710 praetereunda
472 1634 519 1691 est
542 1629 602 1691 ista
620 1632 762 1708 potestas
778 1629 964 1706 temporalis
990 1645 1085 1706 quam

103 1733 143 1790 R.
158 1729 309 1790 Pontifex
323 1727 476 1796 hactenus
495 1725 608 1788 hahuit
619 1726 654 1785 in
666 1726 822 1788 ditionem
835 1725 1084 1788 ecclesiasticam

105 1843 198 1888 more
211 1825 408 1904 principum.
422 1825 568 1886 Jamvero
584 1840 793 1903 quacumque
808 1825 848 1886 ad
862 1825 949 1885 hunc
959 1823 1084 1886 civilem

104 1923 322 2005 principatum
336 1921 526 1998 reseruntur,
539 1919 731 1998 respiciunt:

145 2059 173 2112 {⁰
185 2055 369 2110 Honestatem
383 2051 471 2125 hujus
485 2050 680 2124 possessionis.

143 2147 173 2200 2⁰
184 2144 339 2215 Legitimos
353 2141 451 2198 titulos
465 2141 571 2213 quibus
586 2141 734 2198 innititur.

147 2238 178 2288 3⁰
191 2231 271 2288 Illius
285 2231 527 2288 convenientiam.

145 2325 177 2376 4⁰
187 2322 277 2392 Ipsius
288 2319 553 2376 inviolabilitatem.

474 2485 495 2533 1,
511 2479 581 2528 Illius
594 2478 721 2527 honestas.

150 2639 227 2718 Ejus
237 2637 386 2698 honestas
399 2634 544 2698 consistit
553 2635 587 2694 in
598 2651 647 2710 eo,
663 2633 747 2711 quod
758 2633 942 2710 temporalis
953 2636 1092 2710 potestas

108 2739 148 2800 R.
165 2735 359 2796 Pontificum
369 2733 433 2814 juri
447 2733 552 2823 divino
560 2731 695 2793 naturali
705 2730 752 2793 vel
763 2729 898 2808 positivo
907 2746 973 2790 non
982 2729 1094 2791 adver·

109 2837 210 2897 satur.

150 2933 178 2992 l.
195 2927 281 2990 Nulli
298 2927 458 3007 principio
469 2927 550 3008 J'uris
567 2925 718 2987 naturalis
733 2929 900 3006 repugnat,
917 2929 952 2986 ut
964 2925 1002 2986 R.
1014 2925 1097 2986 Pon·

109 3025 196 3087 tifex
205 3023 246 3084 sit
261 3023 355 3084 etiam
370 3022 519 3102 princepe
544 3020 707 3101 politicus.
731 3019 859 3081 Etenim
881 3025 1014 3096 utraque
1039 3035 1099 3096 po·

110 3113 215 3184 testas
229 3125 277 3182 est
291 3137 309 3180 a
325 3122 404 3194 De0;
419 3137 495 3198 ergo
509 3137 576 3180 non
591 3123 733 3198 pugnant
747 3117 829 3179 inter
843 3135 886 3192 se,
907 3123 937 3178 et
958 3115 1052 3176 simul
1063 3113 1097 3174 in

112 3219 233 3288 eodem
248 3235 316 3280 esse
331 3221 471 3297 possunt.
486 3217 522 3277 In
533 3216 641 3278 Veteri
663 3216 867 3279 Testamenta
888 3213 980 3276 muiti
995 3211 1095 3276 sancti

113 3315 321 3387 inveniuntur
333 3333 421 3394 reges
436 3319 467 3376 et
481 3315 649 3394 pontifices
662 3314 766 3376 inisse.
883 3303 886 3310 ’

155 3415 196 3476 ll.
218 3416 328 3493 Neque
353 3413 385 3473 id
401 3412 571 3493 Evangelio
594 3411 790 3491 prohibetur.
816 3410 973 3488 Equidem
996 3409 1097 3472 Chris-

11 3495 13 3592 ξ
113 3506 1098 3591 tus,propteroeoonomiamRedemptionis‚abstinuitahexer·
