2620 4258
203 131 258 180 ado
370 132 525 178 EXPOSI'I'IO
545 131 722 178 unruonlcn
742 132 824 177 Jttttls
846 131 1001 180 onnontm.

201 251 289 312 tione
304 249 477 329 impeditur
490 247 662 328 quominus
670 247 837 327 proprium
850 265 978 328 gregem
993 265 1050 328 per
1064 253 1176 312 semet·

202 349 309 428 ipsum
322 363 450 425 pascere
459 347 570 421 valeat,
583 345 647 406 sive
660 345 726 406 sine
735 345 809 407 vitio
820 347 968 408 inhabilis
979 353 1178 431 agnoscatur,

202 447 264 508 sive
279 449 410 525 propter
422 445 550 522 culpam
563 443 603 503 ah
621 443 895 506 administratione
910 445 1056 508 dioecesis
1069 462 1178 506 remo·

201 543 265 606 veri
278 542 405 604 debeat.

240 638 479 703 iurisdictionis
500 637 690 700 exercitium
710 643 832 717 spectat
853 641 891 700 ad
911 640 1076 702 vicarium
1090 641 1180 717 Apo-

201 739 366 812 stolicum,
381 737 541 815 siquidem
549 735 725 814 Episcopus
738 741 919 799 removetur
930 737 969 798 ab
985 737 1074 798 omni
1081 737 1179 816 juris-

203 831 346 894 dictione
361 835 394 892 et
405 828 551 892 dioecesis
563 829 850 892 administratione.

295 1040 408 1099 Quusrro
422 1043 459 1090 2⁸.
476 1060 508 1076 ⁴-
517 1039 555 1088 Du
566 1040 693 1089 Pnnalrrs
709 1051 874 1090 acceptamus
886 1053 917 1088 sn
931 1050 1073 1088 annuamus.

238 1200 264 1250 t.
277 1195 367 1250 Variae
377 1194 496 1250 illorum
506 1195 625 1266 speeies.

236 1287 264 1340 2.
279 1284 385 1339 Eorum
400 1286 536 1355 potestas.

491 1489 515 1538 l.
534 1485 615 1535 Variae
627 1485 727 1534 illorum
741 1483 836 1544 species
851 1483 895 1550 it).

242 1649 407 1730 Ejusmodi
430 1649 555 1712 Praelati
576 1649 742 1730 Episcopis
758 1649 923 1710 inferiores
944 1648 1066 1727 duplici
1085 1651 1182 1711 modo
1287 1636 1288 1656 ¹

202 1747 444 1810 considerantur
475 1748 522 1809 vel
558 1747 682 1810 ratione
719 1763 939 1826 personarum,
976 1747 1025 1807 vel
1060 1745 1180 1808 ratione

203 1847 426 1923 exemptionis

241 1943 265 2004 1.
284 1942 409 2002 Ratione
419 1962 623 2023 personarum,
640 1944 694 2006 isti
707 1944 835 2005 Praelati
849 1947 921 2004 sunt
937 1941 990 2002 alii
1008 1943 1180 2021 regulares

202 2039 257 2102 alii
271 2040 450 2100 saeculares.

244 2140 274 2198 l.
290 2135 422 2198 Proelcti
433 2135 593 2218 copulares.
606 2135 712 2198 Abbas
721 2141 845 2216 patrem
858 2137 1030 2217 significan
1048 2137 1182 2217 proinde

203 2235 336 2297 Abbatis
354 2235 485 2297 nomine
504 2237 624 2315 optime
648 2237 839 2316 exprimitur
856 2237 883 2298 is
909 2237 964 2316 qui
988 2236 1179 2298 monasterio

205 2338 333 2412 praeest.
352 2335 500 2396 Jamvero
515 2335 783 2397 monasteriorum
797 2335 977 2414 superiores
991 2339 1064 2396 sunt
1077 2333 1185 2394 multi-

206 2430 299 2510 plicis
315 2431 438 2510 generis
453 2451 460 2494 :
474 2433 621 2513 penetrales
634 2432 694 2495 toti
709 2433 803 2494 alicui
818 2433 968 2514 religioso
983 2433 1087 2494 ordini
1102 2451 1183 2512 prae-

208 2535 297 2602 sunt;
319 2528 513 2610 provinciales
531 2531 729 2592 monasteriis
751 2531 923 2610 provinoiae
950 2531 1180 2610 preficiuntum

208 2627 372 2708 superiores
387 2627 491 2689 locales
509 2629 563 2689 uni
578 2634 704 2691 tantum
717 2629 912 2692 monasterio
926 2629 1102 2707 invigilant.

250 2727 282 2784 t.
297 2724 424 2786 Abbotes
441 2726 594 2788 seculares
608 2731 681 2790 sunt
695 2726 741 2787 illi
761 2727 815 2806 qui
833 2727 952 2788 hahent
964 2726 1120 2789 beneficia
1136 2743 1187 2788 ec·

117 2825 119 2832 ’
210 2821 388 2884 clesiastica
405 2840 478 2884 cum
497 2825 590 2886 titulo
609 2823 765 2901 abbatiae.
788 2823 998 2902 Distinguitur
1019 2824 1189 2903 multiplex

211 2935 322 2982 corum
346 2921 459 3000 gradus
485 2941 492 2982 :
518 2921 588 2983 aliis
610 2922 765 3000 competit
786 2921 985 3000 jurisdicti0;
1009 2921 1062 2982 alii
1089 2923 1190 3000 digni-

211 3021 308 3080 tatem
329 3016 526 3080 abbatialem
536 3019 656 3081 habent
669 3020 737 3081 sine
749 3019 989 3100 jurisdictione;
1007 3019 1060 3080 alii
1080 3019 1189 3080 dicun·

212 3121 263 3175 tur
273 3115 402 3179 abbates
418 3117 679 3179 commendatarii
696 3117 770 3196 quia
781 3117 857 3196 ipsis
868 3118 1030 3179 confertur
1044 3117 1192 3180 abbatiae

213 3211 404 3274 heneficium
414 3215 482 3276 sine
494 3215 611 3276 officio.

244 3398 275 3456 (ll
292 3397 411 3456 terroris,
426 3399 546 3462 Protrepto
561 3391 714 3450 Bibliotheca
732 3401 860 3449 canonico.
875 3427 906 3436 -
921 3400 1068 3450 Benedictus
1082 3401 1148 3462 xlv,
1161 3402 1196 3451 de

214 3474 324 3538 synodo,
340 3476 381 3526 lib.
395 3479 428 3539 ll,
442 3492 498 3539 cap.
513 3492 549 3528 xl.
