2588 4272
244 257 276 305 82
407 258 564 306 nxros1r10
584 256 761 304 brandomus
782 255 865 302 runis
889 247 1045 301 GANONICI.

244 378 540 452 administrandam
559 376 699 458 rescripta
712 374 819 456 qratia
830 391 868 436 cx
887 372 1075 435 liberalitate
1097 369 1222 452 princi·

243 474 292 554 pis
307 477 484 554 procedunt
498 477 551 554 (t).
567 497 582 534 n
826 537 829 544 ,
1224 469 1226 474 '

280 573 317 635 Il.
340 593 354 631 a
369 573 479 634 Forma
491 573 635 635 consistit
648 572 682 632 in
694 571 795 634 tribus
810 567 1110 650 partibus-rescripti
1129 585 1224 628 :nar-

242 671 374 744 ratione,
394 671 634 750 supplicatione,
652 674 684 731 et
695 667 910 731 conclusione.
926 665 1073 728 Narratio
1094 666 1222 744 suppli-

241 771 343 832 cantis
360 789 378 832 a
394 769 588 832 rescribente
602 769 766 848 repetitur.
783 766 1012 849 Supptr'catianis
1028 783 1124 826 causa
1138 783 1222 845 pon-

242 869 415 944 derantur„
433 866 582 930 Conclusio
610 885 665 928 seu
689 865 855 948 disposition
881 871 929 926 est
954 881 1026 942 pars
1053 865 1220 944 praecipua

241 965 397 1044 rescripti,
411 982 472 1043 qua
487 964 630 1027 Pontifex
644 969 784 1026 mentem
794 979 883 1024 suam
897 963 1009 1042 aperit,
1022 962 1219 1023 declarando

242 1060 330 1139 qnid,
340 1059 516 1138 qualiteret
528 1057 585 1118 sub
598 1057 711 1135 quibus
721 1056 958 1119 conditionibus
968 1056 1125 1118 concedat
1137 1055 1214 1135 (ila

281 1158 333 1218 lll.
353 1155 489 1236 Effectus
499 1155 706 1235 rescriptorum
719 1173 738 1215 a
752 1156 910 1219 voluntate
924 1152 1128 1215 rescribentis
1143 1169 1221 1233 pen·

247 1255 300 1316 det
310 1256 398 1334 juxta
414 1255 537 1332 regulas
549 1258 717 1332 sequentes
734 1272 741 1314 :

281 1351 395 1432 Reputo
411 1356 452 1414 1⁸.
467 1349 668 1413 Attendenda
682 1355 729 1413 est
737 1350 909 1426 conclusio,
924 1367 986 1430 qna
993 1351 1059 1412 sola
1067 1347 1217 1410 Pontifex

243 1456 384 1513 mentem
399 1467 488 1511 suam
504 1449 662 1528 exprimit.
814 1517 816 1524 ‚

281 1548 395 1629 Reputo
408 1551 450 1608 2².
467 1547 637 1626 Rescriptis
651 1564 776 1626 semper
788 1547 890 1608 inesse
904 1544 1129 1608 censeturhaec
1141 1561 1216 1606 con·

242 1645 321 1708 ditio
336 1665 343 1706 :
357 1647 385 1706 si
394 1645 629 1726 precesucritnte
642 1646 788 1707 nitantur.

281 1743 395 1823 Reputo
404 1746 444 1805 3⁵.
458 1743 658 1822 Rescriptum
670 1750 717 1806 est
729 1744 900 1805 invalidum
912 1748 1042 1823 propter
1049 1739 1214 1820 obreptio-

241 1859 314 1903 nem
324 1842 372 1902 vel
384 1840 633 1918 subreptionem,
650 1839 676 1900 si
687 1841 829 1901 falsitatis
840 1841 998 1919 expressio
1008 1841 1056 1902 vel
1069 1837 1213 1901 veritatis

242 1938 420 2016 suppressio
433 1939 625 1998 voluntatem
639 1938 800 2000 Pantilicis
816 1939 1081 2000 determinaverit.

280 2035 394 2114 Reputo
414 2039 455 2097 (ι’.
483 2036 661 2097 Generatim
686 2037 974 2120 rescriptatantum
998 2039 1049 2116 jas
1075 2035 1214 2116 speciale

241 2134 360 2194 faciunt
368 2133 445 2192 iniis
456 2133 556 2192 causis
566 2137 596 2194 et
608 2133 760 2212 personis,
773 2152 830 2212 pro
846 2134 958 2213 quibus
971 2135 1055 2196 edita
1070 2139 1147 2196 sunt
1160 2133 1212 2212 (3).

280 2230 445 2311 deputati&
462 2231 642 2309 Aliquando
658 2232 868 2310 rescriptajus
889 2233 1065 2294 universale
1089 2232 1215 2294 consti-
1239 2223 1240 2226 '

229 2331 344 2404 inunt,
362 2329 508 2390 videlicet
519 2329 640 2408 quoties
653 2329 808 2406 Pontifex,
823 2330 861 2389 ad
877 2330 1143 2392 consultationem
1154 2347 1216 2392 res·

241 2427 423 2506 pondendo,
448 2427 672 2506 interpretatur
686 2427 738 2506 jus
752 2443 934 2488 commune.
952 2427 1118 2508 Ejusmodi
1134 2427 1217 2489 deci-

241 2525 344 2585 siones
359 2542 396 2586 eo
412 2525 545 2586 consilio
562 2525 614 2587 edi
640 2527 754 2599 solent,
782 2530 815 2585 ut
828 2526 867 2585 ad
887 2525 1080 2586 decidendos
1094 2511 1217 2586 similes

241 2639 331 2684 casus
341 2622 521 2684 inserviant.
533 2623 624 2684 Unde
633 2623 675 2683 ait
688 2623 888 2684 Innocentius
902 2624 944 2685 Ill
960 2643 967 2684 :
986 2643 1000 2680 a
1012 2625 1048 2684 ln
1056 2623 1215 2685 similibus

240 2719 341 2783 causis
353 2720 461 2782 caeteri
475 2725 623 2783 tenentur
638 2718 784 2809 similiter
797 2721 942 2801 judicare
956 2719 1009 2802 (4).

537 2929 552 2993 ἓ
565 2929 588 2981 2.
606 2958 636 2968 -
650 2929 688 2984 lle
701 2931 857 3016 priuileaiis
868 2933 912 2998 (5).

173 3157 176 3164 .
277 3103 305 3164 1.
320 3100 437 3162 nomm
450 3057 1216 3186 numerariae.unriuregrumuexpnvau)

203 3358 205 3363 Δ
272 3293 307 3353 (1)
320 3292 453 3352 Zelllnger,
464 3291 510 3342 ius
519 3292 674 3356 canonicum,
684 3292 725 3342 lib.
736 3293 757 3353 I,
774 3292 813 3342 tit.
825 3294 848 3342 e.

191 3372 194 3378 '
271 3371 305 3435 (2)
314 3372 436 3430 Maschat,
449 3372 621 3421 institutiones
627 3373 698 3438 juris
709 3375 828 3436 canonici,
840 3373 883 3424 lib.
901 3375 922 3436 I,
934 3375 975 3424 tit.
993 3377 1016 3425 3.

272 3452 305 3512 (3)
319 3451 411 3511 Soglia,
424 3449 595 3501 Institutiones
600 3453 674 3516 juris
680 3451 779 3518 publici
788 3453 958 3516 ecclesiastici,
970 3469 1029 3518 pers
1043 3455 1065 3518 1,
1078 3469 1136 3518 cap.
1148 3469 1178 3506 ιι.

270 3528 305 3591 (lt
318 3528 496 3591 Decretatr'um,
510 3531 553 3580 lib.
567 3531 600 3591 Il,
610 3531 649 3582 tit.
660 3534 701 3584 st.

269 3611 303 3671 (5)
315 3607 493 3672 decretalium,
503 3610 549 3660 lib.
567 3611 597 3672 V,
609 3611 647 3661 tit.
662 3614 702 3673 33,
714 3613 750 3662 De
762 3612 916 3678 priuilcqias.
