2626 4258
440 296 514 342 PARS
536 295 700 372 senciens.
789 311 796 349 Ι
1007 298 1058 345 357

123 417 231 494 ltaque
246 416 456 496 congregatio
472 417 630 494 eJusmcdi
644 417 758 480 Sancto
772 415 884 480 Officio
896 417 962 498 jam
980 419 1060 480 exis-

84 514 162 577 tenti
176 515 284 576 addita
298 520 355 596 est,
372 515 464 594 cique
477 515 659 594 praeposita.

126 611 162 674 11.
175 612 344 673 Facultates
354 612 442 674 illios.
457 646 497 658 -
507 615 582 674 Haec
596 613 800 693 congregatio
808 613 931 694 judicat
942 631 978 676 ea
990 633 1061 694 quas

86 715 194 772 contra
208 711 305 770 fidem
321 711 491 772 commissa
506 721 589 775 sunt.
608 713 643 772 ln
658 712 713 773 illa
729 711 940 774 discutiuntur
959 730 1060 774 causae

84 808 289 886 respicientes
314 809 473 886 haeresim‚
492 809 630 890 magiam
645 815 677 871 et
695 811 965 888 superstitionem,
985 810 1062 872 abu·

86 923 138 966 sus
148 901 429 978 sacramentorum.

124 1005 176 1066 Ill.
206 1003 392 1083 constitutio.
421 1006 666 1086 congregationi
694 1011 810 1086 praeest
834 1008 871 1070 R.
896 1007 1055 1070 Pontifex.

84 1104 162 1164 Eam
175 1103 371 1165 constituunt
380 1104 561 1166 cardinales
571 1105 697 1180 litteris,
710 1104 913 1184 experientia,
926 1105 1062 1185 fideique

84 1202 152 1262 zelo
164 1201 340 1281 conspicui.

127 1297 310 1361 consultores
323 1305 396 1363 sunt
407 1301 540 1380 praelati‚
553 1301 662 1363 elerici
676 1319 834 1364 canonum
848 1306 880 1364 et
893 1301 1062 1383 theologia

83 1399 189 1477 periti,
206 1399 345 1478 religiosi
360 1399 444 1461 inter
457 1418 535 1478 quos
552 1401 702 1479 magister
713 1402 745 1462 S.
762 1401 884 1476 Palatii,
902 1402 1061 1462 Generalis

84 1496 212 1557 Ordinis
227 1497 488 1567 Praedicatorum,
505 1503 536 1559 et
548 1489 627 1558 unus
641 1516 678 1560 ex
691 1499 802 1560 ordine
814 1499 973 1560 minorum
988 1516 1062 1560 con-

82 1595 288 1657 ventualium.
309 1597 408 1657 Adest
425 1597 640 1678 commissorias
652 1602 683 1658 et
699 1597 765 1676 ejus
785 1615 920 1658 assessor.
939 1595 1077 1679 (loeiltst-¹

89 1701 200 1754 catores
214 1711 379 1754 censuram
392 1696 649 1773 propositionum
664 1696 851 1758 instaurant.

123 1793 175 1853 IV.
199 1790 371 1854 celebratio.
391 1795 486 1854 -Ut
503 1794 630 1872 negotia
649 1785 722 1856 cum
744 1792 1061 1858 maturitate'coram

83 1888 237 1950 Pontifice
252 1890 450 1966 decidantur,
465 1891 535 1954 duae
546 1892 785 1972 praemittuntur
799 1893 1061 1972 congregationes

84 1987 331 2065 praeparatcriae.
671 1988 673 1993 ’

121 2085 157 2144 In
172 2084 282 2162 primo,
302 2089 353 2148 cui
380 2088 481 2148 solum
503 2087 660 2149 intersunt
680 2089 889 2164 consultores
912 2089 1062 2168 leguntur

67 2199 250 2267 ‘processus
261 2189 291 2245 et
301 2185 531 2264 cpiscoporum
544 2187 669 2248 litterae.
683 2187 920 2258 Qualifioatores
933 2187 972 2248 de
987 2206 1060 2266 pro-

79 2281 296 2360 positionibus
315 2283 505 2343 sententiam
529 2283 659 2358 dicunt3
689 2285 814 2362 aliaque
838 2285 1060 2346 examinantur

80 2397 154 2458 quae
169 2397 307 2440 assessor
321 2379 354 2439 in
369 2381 508 2442 secunda
521 2382 766 2460 congregatione
782 2384 937 2444 relaturus
956 2389 1016 2446 est.

119 2480 155 2538 In
168 2477 274 2552 altera,
288 2478 486 2558 congregatis
500 2479 730 2552 cardinalibus
743 2497 880 2541 assessor
890 2481 1060 2544 relationes

76 2576 225 2656 perlegit.
244 2579 288 2638 Re
312 2575 393 2638 bene
413 2582 580 2656 perspecta
595 2577 823 2653 CardinalibuS‚
849 2579 1061 2642 admittuntur

77 2659 279 2736 consultores
293 2681 324 2736 et
341 2693 430 2736 suam
451 2677 561 2738 dieunt
576 2677 778 2738 seutentiam.
796 2679 874 2738 Acta
888 2678 1059 2740 summarie

76 2791 139 2852 per
150 2790 341 2834 assessorem
356 2774 502 2835 Pontifici
514 2777 709 2839 referuntur.

122 2870 225 2932 Tertia
242 2876 273 2931 et
292 2871 443 2932 solemnis
458 2875 660 2954 congregatio
679 2890 787 2934 eoram
808 2873 962 2935 Pontifice
977 2874 1060 2935 cele·
1087 2941 1094 2957 ἥ

74 2969 202 3031 hratur.
218 2971 303 3030 Nova
318 2972 352 3032 fit
366 2971 478 3032 relatio
493 2989 615 3047 causae3
632 2974 823 3052 quandoque
836 2972 965 3033 admissi
981 2989 1059 3034 con-

74 3071 216 3131 sultores
242 3069 347 3130 denuo
375 3068 564 3142 discutiunt;
593 3071 773 3132 cardinales
798 3071 979 3150 exprimunt
1003 3089 1058 3132 sua

74 3165 239 3245 suffragia.
255 3165 400 3226 Pontifex
417 3167 592 3242 concludit,
619 3173 649 3228 et
669 3168 896 3232 resolutionem
918 3157 1070 3248 prolert.'

74 3267 215 3326 Decreta
227 3263 425 3325 destinantur
439 3265 478 3324 ad
492 3263 678 3343 Episcopos.
