2630 4250
458 280 532 326 PARS
554 278 717 325 scotinus.
1027 280 1083 329 289

96 399 242 461 universa
263 399 417 474 Ecclesia,
441 397 524 460 sicut
552 396 727 476 Episcopus
759 402 807 460 est
836 403 982 461 centrum
1010 401 1082 462 uni·

17 513 18 532 ³
95 497 169 560 tatis
181 497 215 556 in
225 497 360 575 singulis
383 495 584 571 dimcesibus,
598 494 855 570 itaPatriarchae,
880 499 1034 576 Primates
1050 505 1083 562 et

96 595 310 674 Metropolitas
327 595 494 656 continent
508 592 688 672 provincias
702 593 736 654 in
749 595 881 671 unitate,
899 597 988 676 cujus
1000 597 1079 658 ima·

96 691 203 770 ginem
221 707 288 768 prae
309 691 469 750 scierunt.

135 791 187 852 IV.
209 789 325 849 Occasio
350 787 439 868 hujus
466 787 668 850 iustitutionis.
686 821 726 834 -
740 790 827 850 Inter
842 791 933 851 sedes
957 791 1079 871 episco-

96 887 194 966 pales,
211 887 283 946 aliae
310 886 378 946 aliis
398 886 544 948 ordinate
566 887 753 965 praecellunt
769 905 787 946 a
802 887 915 965 primis
930 889 1083 950 Ecclesia

96 983 309 1064 temporibus
335 984 462 1044 Etenim
489 985 646 1061 Apostoli,
682 1001 755 1045 oum
774 985 963 1046 'doctrinam
991 1003 1080 1047 suam

97 1083 215 1144 servari
234 1083 390 1157 integram
402 1085 567 1162 cuperent,
587 1081 712 1160 ipsique
737 1083 927 1144 celebriores
943 1085 1080 1148 maxime

98 1181 194 1242 urbes
216 1197 252 1242 ao
273 1181 465 1260 metropoles
489 1179 717 1257 praedicatione
731 1181 836 1260 primo
850 1182 1012 1260 pulsarent
1040 1183 1081 1242 ad

98 1277 303 1356 Evangelium
345 1277 438 1338 citius
468 1277 721 1355 propagandum,
752 1277 826 1338 binc
866 1277 899 1338 in
928 1279 1079 1340 Ecclesiis

97 1374 284 1452 apostolicis
295 1377 529 1436 constituerunt
540 1375 718 1454 Episcopos
729 1375 877 1436 solertius
896 1376 995 1436 instar
1008 1393 1081 1437 nor·

97 1489 157 1533 mar
172 1473 340 1544 formatus,
361 1487 479 1549 eosque
489 1471 558 1532 aliis
573 1472 716 1552 ejusdem
728 1472 900 1550 provincia
915 1473 1081 1552 Episcopis

97 1585 172 1630 oum
197 1574 355 1648 potestate
370 1569 506 1646 quadam
528 1569 715 1646 praepositos
734 1586 802 1630 esse
819 1571 995 1644 voluerunt,
1020 1587 1082 1648 qua

97 1666 175 1728 fidei
186 1670 219 1727 et
235 1665 470 1728 communionis
480 1665 635 1727 unitatem
647 1671 823 1741 tuerentur,
838 1671 869 1727 et
880 1666 1006 1744 negotia
1021 1685 1079 1728 sae·

97 1764 169 1843 pius
183 1763 400 1835 conciliariter
412 1767 600 1826 tractarent.

138 1862 287 1924 Jamvero
302 1860 333 1920 in
351 1859 521 1939 partitione
540 1859 778 1938 provinciarum
794 1860 1081 1922 ecclesiasticarum
1182 1923 1184 1928 .

97 1943 552 2038 Apostolisecutisuntlimites
560 1949 933 2038 provinciarumimperii
943 1960 1080 2020 romani.

99 2055 250 2118 Homines
264 2073 300 2116 ex
316 2055 385 2116 aliis
400 2053 580 2116 civitatibus
591 2055 631 2115 ad
644 2055 1078 2133 metropolesconssuebant;

99 2153 186 2214 unde
196 2153 356 2232 Apostolis
367 2153 469 2214 visum
480 2157 528 2214 est
537 2153 698 2231 expedire,
713 2159 748 2214 ut
764 2155 891 2216 illarum
909 2155 1077 2234 Episcopis

101 2251 204 2330 major
231 2250 401 2311 auctoritas
437 2249 641 2311 tribueretur.
676 2251 880 2325 Patriarchae‚
912 2253 1079 2324 Primates,

99 2347 313 2425 Metropolitas
342 2347 445 2409 vocati
461 2350 534 2406 sunt
545 2345 696 2426 Episcopi
721 2347 900 2424 superiores
925 2349 1084 2427 majorum

99 2443 274 2517 civitatum,
293 2443 436 2523 aquibus
446 2445 499 2504 lux
511 2442 651 2504 veritatis
661 2443 702 2502 ad
713 2448 887 2524 caeterasse
901 2445 1079 2518 diffuderat,

99 2543 143 2604 ita
162 2547 196 2603 ut
211 2560 281 2621 quae
293 2541 362 2620 jam
380 2541 414 2600 in
431 2540 542 2602 ordine
558 2539 643 2601 civili
658 2541 851 2619 metropoles
867 2547 966 2620 erant,
983 2541 1016 2600 in
1029 2557 1086 2600 or·

100 2641 177 2702 diue
190 2639 352 2716 religionis
367 2637 518 2698 Ecclesiae
534 2642 650 2698 matres
665 2639 859 2718 evaderent(
879 2643 899 2716 l.

283 2849 315 2900 ll.
334 2877 365 2886 -
376 2850 451 2911 Origo
459 2851 614 2914 singulorum
630 2850 750 2912 ejusmodi
762 2851 896 2914 graduum.

136 3017 261 3088 l.0rigo
276 3018 525 3077 Patriarcharum.

136 3109 168 3161 2.
181 3105 266 3182 Origo
279 3106 451 3162 Primatum.

139 3197 168 3250 3.
180 3194 266 3265 Origo
282 3195 543 3268 Metropolilarum.

134 3385 167 3446 (1)
182 3386 313 3450 zellinger,
327 3387 373 3437 Jus
387 3385 582 3437 ecclesiasticum
594 3385 731 3450 publicum,
744 3399 798 3448 cap.
812 3399 837 3438 r.
