2620 4258
467 253 541 296 PARS
563 252 728 300 srnclams.
1039 255 1091 304 295

114 367 182 428 rius
192 366 225 427 in
240 366 278 427 iis
293 385 363 446 quac
376 367 609 448 jurisdictionis
622 374 703 444 sunt,
731 371 914 432 ordinarius
932 377 1088 447 censetur,

116 468 210 543 atque
222 483 321 526 unum
335 470 367 528 et
379 465 465 527 idem
479 465 619 526 tribunal
634 482 708 526 cum
727 466 885 546 Episcopo
905 470 1084 532 constituit.

114 564 264 622 Attamen
273 562 494 640 nihilimpedit
502 561 672 640 quominus
682 563 1088 643 Episcopuspossitl'ioarii

114 663 306 737 potestatem
321 659 523 738 restringere,
542 662 575 720 et
588 657 688 721 multa
708 659 772 721 sihi
786 677 954 724 reservare.

47 757 49 760 ’
154 757 318 840 Repulsi&
334 789 374 804 -
387 757 535 835 Triplicis
547 757 671 836 generis
684 764 757 819 sunt
777 776 813 820 ea
828 777 899 838 quae
918 778 936 820 a
951 762 1090 839 generali

115 856 314 918 vicariorum
332 860 488 936 potestate
512 855 717 916 eximuntur:
739 854 854 927 Primo,
885 857 1026 920 vicarius
1053 875 1090 919 ea

113 958 265 1032 praestare
285 953 407 1032 nequit,
424 969 495 1030 quae
510 951 550 1012 ad
571 956 763 1031 potestatem
786 947 911 1014 'ordinis
934 958 1087 1032 spectant.

113 1050 255 1126 Semndo,
272 1051 383 1130 nequit
407 1051 445 1112 iis
463 1051 558 1112 rebus
569 1067 603 1111 se
616 1050 810 1125 immiscere,
827 1068 897 1129 quae
911 1052 950 1110 ad
961 1051 1090 1128 Episoof

113 1167 193 1226 pum
203 1154 354 1228 tanquam
364 1149 456 1212 Sedis
464 1149 657 1227 Apostolicae
673 1149 853 1227 delegatum
866 1149 1039 1228 portinent,
1059 1153 1091 1210 et

114 1243 328 1305 multominus
340 1243 373 1302 in
385 1243 424 1302 iis
437 1259 508 1320 quac
526 1241 706 1319 specialiter
720 1241 780 1302 soli
797 1241 955 1320 Episcopo
973 1257 1090 1304 conce-

116 1339 245 1401 duntur.
265 1340 373 1414 Tertio,
391 1339 530 1417 plurima
543 1339 584 1400 cb
607 1339 653 1400 rei
667 1339 852 1416 gravitatem
864 1339 1024 1416 Episcopo
1038 1355 1088 1400 re-

113 1439 275 1496 servantur
287 1455 294 1496 :
306 1454 339 1500 r.
356 1453 386 1514 g.
402 1436 468 1498 sine
484 1437 613 1516 speciali
637 1437 787 1498 mandato
811 1435 954 1499 vicarius
971 1435 1090 1496 benefi-

112 1531 161 1592 cia
173 1550 239 1594 non
252 1533 388 1607 coniert;
400 1550 464 1594 non
474 1533 581 1595 visitat
595 1533 759 1596 dioeoesim
771 1549 779 1608 ;
790 1535 898 1594 causas
909 1532 1088 1594 criminales

112 1647 181 1690 non
196 1629 369 1708 cognoscit.

138 1817 155 1881 ἓ
168 1817 192 1868 2.
205 1845 233 1854 -
247 1818 285 1870 De
298 1818 515 1886 chorepiscopis,
527 1819 645 1872 vicariis
659 1819 791 1882 foraneis,
803 1819 1061 1884 Archipreshyteris

518 1903 547 1950 et
564 1899 693 1952 Decauis.

150 2038 206 2100 lsti
220 2039 452 2119 Episcoporum
464 2042 625 2120 adjutores
640 2041 782 2101 medium
793 2044 903 2102 tenent
917 2041 1025 2100 locum
1040 2041 1089 2100 in-

113 2141 160 2198 ter
176 2135 318 2198 Vicarios
339 2139 499 2216 generales
515 2143 547 2200 et
569 2139 740 2200 Perochos.
757 2137 912 2199 Differunt
925 2155 943 2197 a
955 2137 1088 2200 vicariis

112 2233 320 2312 generalibus
344 2235 503 2314 siquidem
516 2236 551 2294 in
573 2236 679 2313 aliqua
692 2240 781 2312 parte
798 2235 944 2296 dioecesis
960 2234 1089 2312 Episco-

112 2349 186 2408 pum
199 2332 359 2410 adjuva'nt,
370 2333 447 2392 dum
455 2331 581 2395 Vicario
594 2331 732 2410 generali
745 2332 899 2409 competit
907 2331 1086 2410 jurisdictio

113 2427 275 2490 moraliter
289 2429 486 2490 universalis.
510 2429 663 2490 Differunt
688 2427 875 2503 aParccho‚
897 2445 971 2488 nam
986 2428 1085 2506 pluri·-

114 2524 175 2586 hus'
190 2525 539 2605 parochiisinvigilant.

149 2663 173 2714 l.
188 2661 228 2717 De
242 2660 469 2731 Chorepiscopis.

147 2749 177 2802 2.
189 2747 228 2802 De
240 2747 358 2802 vicariis
371 2745 505 2802 foraneis.

146 2833 174 2887 3.
187 2833 227 2888 De
240 2834 501 2906 Archipresbyleris
516 2835 545 2888 et
557 2834 685 2889 Decanis.

435 3015 456 3058 1.
472 3011 507 3059 De
521 3008 706 3072 chorepiscopis
719 3010 761 3075 (1).

150 3161 397 3240 Chorepiscopi‚
425 3177 480 3222 seu
503 3160 585 3222 ruris
617 3159 779 3238 Episcopi,
799 3163 872 3219 ante
895 3156 1085 3218 saeculumx

113 3259 239 3319 luerunt
259 3257 292 3341 in
305 3257 382 3318 vicis
406 3257 566 3335 adjutores
587 3255 829 3334 Episcoporum.
854 3253 1086 3333 Agendum-est

115 3355 151 3415 de
166 3355 294 3415 illorum
310 3353 422 3414 ordine
436 3357 467 3414 et
481 3351 682 3415 auctoritate.

146 3507 178 3566 (il
195 3503 490 3566 Devoti‚lnstilutionom
499 3501 677 3552 canonicorum
687 3499 731 3548 lib.
745 3500 766 3558 l,
776 3498 818 3549 tit.
827 3497 1086 3558 lll.-‘¹l'homassin.‚
1101 3499 1102 3504 ’

119 3580 192 3631 Vetas
206 3585 230 3632 et
239 3583 311 3632 Novo
325 3581 444 3631 Ecclesiae
457 3578 605 3644 disciplina,
617 3575 705 3640 paral,
716 3575 759 3627 lib.
772 3579 805 3626 ll.
