2620 4258
195 187 248 235 ΝΘ
351 187 507 236 sxncsmo
529 187 707 234 nurflcnlcn
727 190 810 236 lunis
832 189 987 237 canoaldi.

450 393 473 442 1.
488 419 519 427 -
529 391 565 442 De
578 392 745 441 parochorum
755 391 868 455 origiue(
887 391 907 454 l.

233 551 256 610 l.
272 548 488 610 Puroclciorum
507 547 652 610 institutio
665 548 867 610 ecclesiastico.
884 581 925 596 -
943 550 1003 610 Per
1021 549 1084 611 tria
1105 550 1176 613 fere

191 647 297 727 priora
311 647 462 708 Ecclesia
476 647 600 720 saccula,
615 645 882 708 nulll‘extitcrunt
895 647 1026 726 parochi
1039 649 1174 727 proprie

192 745 280 820 dicti,
300 743 446 806 stabilem
458 761 567 806 curam
582 743 761 806 obtinentes
775 745 808 804 in
822 745 985 824 proprium
999 747 1171 825 populum.

190 843 316 906 Etenim
335 841 494 921 prioribus
511 841 635 904 saeculis
649 847 799 902 constans
821 842 989 921 disciplina
1005 843 1116 922 viguit,
1137 850 1175 906 ut

190 941 310 1015 fideles,
328 945 397 1000 turn
412 939 496 1000 intra
515 943 585 1000 turn
601 943 689 1000 extra
711 938 873 1000 civitatem
888 941 1105 1020 episcopalem
1119 942 1175 1003 dc·

189 1043 311 1118 gentes,
325 1036 453 1096 nonnisi
468 1053 542 1097 cum
557 1035 718 1115 Episcopo
733 1035 901 1098 missarum
912 1037 1066 1099 solemnia
1080 1038 1175 1100 litur-

190 1135 268 1215 gicis
286 1134 398 1196 diebus
412 1133 621 1195 celebrarent.
642 1133 731 1194 Hanc
748 1134 852 1212 legem
864 1133 997 1214 viguisse
1013 1139 1176 1196 testantur

189 1234 359 1312 scriptores
372 1233 432 1313 (⁶2);
446 1233 534 1293 illam
547 1236 729 1294 memorant
745 1233 852 1293 Patres
869 1231 926 1311 (3);
944 1250 1014 1294 eam
1026 1233 1173 1312 discipli-

188 1347 263 1390 nam
278 1331 467 1392 confirmant
484 1329 621 1392 concilia
633 1327 675 1408 (4)
694 1328 810 1406 quibus
823 1329 953 1390 omnino
968 1329 1170 1408 prohibitum

77 1447 80 1457 ’
150 1419 152 1423 ’
188 1428 258 1503 luit,
283 1445 323 1490 nc
348 1428 526 1508 presbyteri
545 1445 654 1489 sacros
676 1431 849 1490 conventus
875 1427 1016 1488 facerent
1032 1426 1171 1490 ubinon

125 1597 127 1600 ¹
188 1526 312 1588 adesset
328 1527 516 1606 Episcopus,
539 1527 589 1587 vel
609 1525 696 1587 aliud
711 1525 809 1586 altare
824 1525 1066 1588 constituerent.
1082 1529 1173 1590 Jam-

187 1639 262 1686 rero
276 1623 336 1684 ista
357 1624 528 1702 disciplina
543 1623 582 1684 de
605 1623 702 1684 sacris
717 1622 924 1684 conventibus
939 1640 957 1684 a
973 1625 1072 1686 totius
1090 1625 1171 1688 dioe-

186 1721 267 1782 cesis
295 1716 443 1783 fidelibus
473 1721 556 1800 apud
587 1721 784 1799 Episcopum
805 1719 1016 1795 celebrandis
1039 1722 1166 1800 probat,

186 1817 1165 1896 parochorumiustitutionemcotemporenonduminductam

186 1914 297 1986 fuisse;
310 1931 384 1974 nam
395 1914 421 1973 si
434 1913 613 1975 extitissent
623 1915 786 1993 parochia
806 1914 963 1975 distincta
979 1920 1010 1976 et
1021 1917 1163 1993 parochi,

187 2011 252 2075 sive
261 2009 414 2071 intrasive
422 2015 511 2071 extra
520 2009 682 2071 civitatem
692 2011 1050 2090 episcopalem,licitum
1058 2013 1169 2075 luisset

187 2106 334 2169 fidelibus
343 2107 378 2166 in
388 2107 518 2186 singulis
528 2107 806 2186 paroeciissacram
819 2107 980 2188 liturgiam
988 2109 1166 2185 celebrare,

187 2210 384 2267 sacramenta
398 2206 553 2284 recipere.

226 2303 403 2383 Episcopus
422 2309 488 2366 erat
509 2321 589 2365 unus
609 2289 758 2364 diaecesis
779 2309 889 2382 pastor
913 2309 945 2366 at
961 2305 1058 2366 veluti
1077 2323 1169 2383 paro-

186 2403 279 2478 chus3
296 2401 420 2464 solebat
434 2418 545 2464 curam
564 2401 743 2462 animarum
758 2419 815 2480 per
827 2417 861 2463 sc
880 2401 987 2481 ipsum
1005 2419 1165 2466 exercere.

186 2500 248 2564 Ubi
270 2500 444 2578 impeditus
466 2505 543 2574 erat,
560 2500 599 2559 ad
615 2498 837 2560 sustinendum
858 2499 1000 2561 laborem
1017 2499 1165 2562 utebatur

187 2615 284 2676 opera
303 2598 579 2678 -presbyterorum;
596 2596 695 2659 exeis
719 2597 819 2658 modo
839 2597 934 2673 hunc,
952 2599 1048 2660 modo
1072 2597 1166 2658 illum

186 2697 227 2756 ad
247 2697 416 2774 explendas
439 2693 718 2776 uices-deputabat
732 2694 772 2754 ad
794 2693 888 2756 diem,
915 2695 975 2756 Pro
999 2693 1093 2756 libitu
1113 2709 1167 2754 cos

186 2793 326 2868 mittens,
344 2799 376 2854 ct
388 2810 550 2868 revocans,
565 2792 647 2854 nulli
660 2791 947 2872 committebatper
957 2793 1092 2853 modum
1106 2797 1168 2852 sta·

218 2979 251 3042 (l)
262 2977 429 3036 Thomassin„
445 2977 516 3028 Vetus
532 2979 556 3024 et
567 2976 637 3026 Novo
648 2975 767 3026 Ecclesia
778 2975 986 3041 disciplina‚pars
998 2977 1019 3036 l,
1032 2977 1078 3026 lib.
1092 2977 1127 3026 Il.
1138 3003 1172 3015 -

186 3059 282 3118 Deuoti,
296 3056 485 3108 Institutionum
495 3055 671 3104 canonicarum
688 3056 733 3105 lib.
750 3058 770 3115 I,
786 3058 826 3106 tic.
837 3059 879 3106 111.

218 3141 251 3200 (2)
266 3137 395 3197 Pacarius,
409 3137 510 3193 Morio„
526 3135 694 3195 thomasio,
706 3137 799 3197 Lupus,
815 3135 883 3197 Pagi.

218 3219 252 3279 (3)
266 3218 291 3268 S.
302 3217 421 3278 ignatius,
437 3215 464 3264 S.
482 3215 605 3270 lustinus.
622 3215 647 3264 S.
660 3214 810 3277 Cyprianus,
827 3215 1005 3266 Tertullianus.
1017 3216 1043 3266 S.
1055 3215 1169 3278 ignatius

186 3297 239 3344 ait:
257 3313 267 3341 u
281 3297 372 3346 Omnes
392 3297 418 3346 in
435 3311 514 3345 unum
533 3296 654 3357 templum
674 3295 721 3344 Dei
735 3297 892 3357 concurritc3
915 3309 993 3344 unum
1008 3297 1089 3344 altare
1101 3295 1167 3344 sicut

187 3393 198 3422 a
216 3387 281 3424 unus
298 3375 433 3436 Episcopus
454 3391 512 3424 cum
528 3374 680 3438 presbyteris
699 3382 724 3423 et
741 3373 881 3426 diaconis...
901 3377 954 3426 Non
968 3377 1027 3424 licet
1038 3374 1094 3424 sina
1105 3373 1163 3434 Epi-

187 3474 199 3500 «
214 3467 287 3517 scopo
298 3453 435 3516 baptizare,
450 3468 496 3504 nec
511 3469 616 3516 agapem
626 3454 761 3504 celebrare.
785 3474 797 3500 ιι

216 3536 248 3598 (ll
266 3533 403 3586 Concilium
416 3533 595 3584 Antiochorum
608 3539 633 3584 ct
647 3533 852 3596 Cartlraglnensc.
