2620 4258
204 285 258 332 274
370 284 527 330 EXPOSITIO
549 283 727 328 nnrflonlcn
748 285 831 329 inuis
854 285 1011 330 CANONIGI.

204 403 325 466 devolvi
341 403 438 483 coepit
458 399 690 482 Episcoporum
713 401 926 476 confirmatio,
947 419 1047 482 quam,
1066 403 1187 464 exinde

203 500 263 561 sihi
278 507 468 562 reservatam
489 516 556 561 esse
571 499 752 560 voluerunt.
772 501 812 560 Et
824 499 938 560 merito
953 499 1084 577 quidem
1100 520 1107 560 :
1122 501 1191 562 uti·

202 595 272 656 litas
286 597 438 657 Ecclesiae
453 597 591 674 postulat
606 599 702 657 utres
720 597 788 675 jam
804 615 869 658 uon
883 599 1021 676 pendeat
1031 615 1049 658 a
1061 599 1189 661 Metro·

202 692 326 771 politis3
350 711 412 772 qua
436 693 522 754 enim
545 693 669 754 ratione
696 679 826 771 possent
855 693 907 756 isti
931 695 979 754 vel
1002 695 1186 758 ambitiosis

204 789 362 870 precibus,
395 792 444 852 vel
475 789 702 868 guberniorum
727 786 888 869 imperiiS,
913 793 961 854 vel
989 795 1185 872 populorum

202 890 361 952 violentiis
378 889 551 951 obsistere?
568 891 642 950 Haec
656 889 858 951 conterendae
872 891 1104 970 jurisdictionis
1124 912 1189 972 po-

203 987 403 1062 testas,'illuc
417 1003 541 1048 reversa
555 987 640 1048 unde
651 987 848 1064 discesserat,
861 988 954 1049 unice
967 989 1085 1052 residet
1097 992 1185 1070 apud

206 1086 322 1146 Sedem
340 1085 570 1162 Apostolieam.

199 1193 202 1199 '
244 1185 295 1244 lll.
311 1181 415 1242 Modus
436 1181 779 1264 confirmandis-Non
805 1183 991 1261 proceditur
1009 1185 1048 1244 ad
1062 1187 1184 1245 confir·

205 1279 389 1356 mationem,
415 1279 477 1340 nisi
503 1280 592 1359 prius
616 1281 759 1343 instituta
781 1281 988 1360 inquisitione
1016 1283 1186 1344 deforma

206 1377 370 1438 electionis
383 1381 415 1438 et
432 1379 470 1438 de
490 1379 612 1439 meritis
627 1379 737 1440 electi.
964 1445 970 1456 Ι

245 1475 395 1553 Episcopi
410 1475 508 1536 ltaliae
522 1473 630 1536 coram
646 1477 779 1537 Summo
797 1475 950 1537 Pontifice
974 1476 1187 1555 improvisum

207 1588 340 1634 examen
362 1571 508 1634 subeunt.
536 1575 631 1634 Extra
654 1573 781 1634 ‘curiam
810 1590 990 1650 romanam,
1015 1591 1186 1653 processus

207 1669 424 1732 informativus
447 1677 575 1731 curante
594 1670 712 1732 Nuntio
725 1672 911 1750 Apostolico
929 1673 978 1732 vel
995 1671 1059 1733 alio
1086 1673 1187 1751 depu-

206 1771 271 1828 tato
286 1767 462 1828 conficitur.
478 1769 588 1827 Romae
601 1785 650 1828 res
666 1768 770 1829 denuo
784 1769 990 1844 examinatur,
1008 1775 1039 1832 et
1054 1769 1085 1830 iu
1106 1788 1188 1832 con·

206 1864 331 1924 sistorio
347 1865 518 1924 cardinalis
540 1881 643 1926 causae
673 1866 791 1926 relator
814 1883 904 1926 suam
924 1867 1110 1928 sententiam
1129 1885 1186 1928 ex·

204 1959 316 2038 primit
326 1980 334 2032 ;
346 1961 429 2037 quod
446 1961 563 2020 dicitur
577 1963 813 2039 praeconizatio.
827 1965 862 2024 In
882 1966 982 2026 altero
995 1965 1186 2028 consistorio

206 2055 344 2134 postulat
357 2061 393 2115 ut
408 2055 564 2132 Pontifex,
584 2059 623 2118 de
646 2060 851 2138 qualitatibus
871 2062 966 2124 electi
989 2062 1106 2124 certior
1119 2063 1186 2124 fao·

205 2159 266 2228 tus,
278 2152 369 2212 illum
384 2158 568 2244 promoveat
582 2154 622 2214 ed
640 2155 879 2236 Episcopatum.
895 2161 1041 2234 Demum‚
1057 2161 1187 2222 consul·

203 2250 243 2310 tis
265 2248 493 2326 cardinalibus,
519 2251 708 2333 aPontilice
736 2256 902 2318 decretum
932 2258 1183 2320 confirmationis

204 2348 373 2426 profertur.

244 2445 390 2516 Quamvis
410 2445 586 2524 Episcopus
618 2449 762 2508 noudum
792 2455 996 2513 consecratus
1019 2453 1118 2530 possit
1147 2470 1186 2514 ee

204 2542 310 2602 omnia
329 2559 477 2620 peragere
494 2559 564 2620 quae
589 2549 661 2604 sunt
672 2542 915 2624 jurisdictionis,
932 2553 1038 2610 temen
1051 2553 1186 2610 cautum

205 2644 251 2700 est
266 2645 300 2701 ut
313 2639 487 2718 Episcopus
505 2640 711 2702 confirmatus
728 2642 989 2720 jurisdictionem
1002 2661 1063 2706 non
1089 2663 1189 2708 exer-

203 2743 283 2812 ceat,
298 2737 359 2798 nisi
375 2737 496 2798 litteras
515 2737 695 2815 pontificias
716 2755 771 2799 seu
784 2741 908 2802 Bullam
931 2743 1185 2806 confirmationis
1205 2793 1208 2800 .

199 2834 265 2912 jam
290 2837 449 2914 acceperit
477 2841 507 2896 et
538 2835 684 2914 Capitulo
700 2837 878 2901 exhibuerit
893 2840 955 2921 (l);
975 2842 1113 2920 ideoque
1137 2843 1188 2903 di·

203 2935 316 2993 cuntur
330 2931 479 3008 Episcopi
492 2931 730 3008 possessionem
747 2951 919 2999 assumere.

389 3153 501 3212 Quuarro
512 3153 546 3202 3⁸.
570 3179 600 3188 —
614 3154 651 3204 Dr
663 3155 776 3206 Errseom
789 3171 993 3211 consecraneus.

242 3321 410 3398 Spirituale
424 3322 596 3398 vinculum,
613 3340 676 3401 quo
693 3323 867 3405 Episcopus
884 3343 958 3389 cum
970 3347 1026 3389 sua
1039 3331 1190 3396 Ecclesia

201 3417 386 3494 devincitur,
403 3421 539 3480 illustrat
564 3417 766 3498 Innocentius
789 3424 830 3484 111
857 3426 1000 3506 elegante
1027 3429 1191 3507 allegoria

231 3615 261 3675 (1)
276 3613 412 3666 Decretalis
427 3615 548 3678 [injuncte
563 3615 672 3677 (Eutrav.
689 3620 783 3670 Conrm.
801 3625 809 3670 t
829 3621 861 3671 de
872 3621 1020 3686 Electioue).
