2630 4250
174 223 228 270 Μ
343 220 502 266 Expostulo
524 219 702 264 uurnoulca
721 218 804 264 suuis
827 217 982 262 CANONIGI.

175 341 268 420 culpa
291 338 408 426 poterit
427 337 541 398 invitus
568 334 707 398 destitui.
736 334 874 396 Proinde
892 333 918 392 si
943 333 1160 394 Ecclesiarum

175 441 258 502 salus
279 437 312 496 id
338 439 499 514 exposcat,
526 432 702 512 Episcopus
734 432 889 512 conqueri
916 431 1039 509 nequit,
1067 431 1158 508 quod
1256 505 1259 512 1

175 536 368 614 Episcopatu
392 533 550 610 privetur3
578 530 698 592 etenim
724 529 824 609 ipsius
850 529 999 606 Episcopi
1026 527 1160 589 utilitati

176 634 312 694 multum
327 635 457 710 praestat
471 628 622 691 Ecclesia
635 644 739 702 causa,
757 645 836 706 prop
842 632 888 688 ter
899 643 995 704 quam
1004 625 1154 685 Summus

175 731 322 792 Pontifex
344 746 409 789 non
432 727 561 806 quidem
574 727 665 788 illum
679 725 813 804 deponit
833 725 918 785 velut
932 723 1154 796 criminosum,

174 829 229 890 sed
247 825 516 890 renuntiationem
530 825 671 904 supplet.

215 928 270 988 lv.
295 924 349 984 Jus
365 921 559 1004 constituendi
571 921 732 1002 Episcopos
750 919 884 981 aleatores
909 927 938 979 et
962 917 1156 998 coadjutores.

215 1027 243 1084 l.
270 1015 413 1102 Episcopi
438 1019 572 1080 titularet
600 1019 633 1080 in
668 1017 907 1098 consecratione
940 1017 1159 1078 characterem

175 1120 389 1199 episcopatem
403 1117 573 1196 recipiunt.
588 1117 753 1196 Propriam
766 1133 841 1178 vcro
850 1115 1014 1176 dioecesim
1028 1131 1093 1174 non
1106 1113 1159 1174 ba-

174 1217 261 1292 bent,
276 1222 308 1277 et
321 1215 544 1294 jurisdictione
558 1214 735 1292 privantur;
754 1213 902 1275 obtinent
912 1213 1043 1290 quidem
1056 1211 1160 1290 cujus·

174 1316 247 1376 dam
260 1314 411 1375 Ecclesiae
427 1313 617 1376 cathedralis
640 1312 781 1384 titulum,
811 1311 865 1372 sed
882 1310 960 1397 sine
970 1309 1042 1387 jure
1056 1308 1160 1368 admi-

173 1411 517 1474 nistrandi.Vocant11r
535 1410 633 1472 etiam
659 1409 810 1488 Episcopi
836 1407 866 1468 iu
888 1406 1030 1488 portibus
1056 1403 1175 1496 infide-¹

173 1509 266 1586 lzirm,·
279 1527 353 1570 narn
367 1509 507 1587 gaudent
527 1508 622 1570 titulo
647 1507 781 1585 alicujus
809 1523 916 1567 earum
944 1503 1158 1566 Ecclesiarum

83 1601 85 1604 ’
175 1625 247 1686 qum
268 1607 326 1668 sub
348 1607 424 1686 jugo
437 1605 615 1668 infidelium
629 1609 779 1684 gemunt3
800 1605 886 1683 quod
911 1603 1033 1664 iactum
1057 1605 1158 1662 estne

88 1767 89 1770 ,
174 1705 330 1768 memoria
357 1705 496 1783 antiquae
532 1701 695 1782 dignitatis
729 1703 915 1766 earumdem
943 1698 1159 1760 Ecclesiarum

173 1803 300 1882 penitus
316 1803 528 1864 oblitteretur.
1060 1845 1062 1848 -

214 1893 1156 1976 TitularesEpiscopinonsuutcontemnendivelutinutiles3

174 1995 294 2058 etenim
316 1994 440 2058 Summi
467 1994 637 2054 Pontifices
663 2010 760 2072 opera
786 2009 898 2054 eorum
922 1997 1054 2054 utuntur
1072 1991 1161 2051 iniis

174 2090 377 2164 muneribus,
398 2107 469 2168 quae
492 2089 657 2154 decentius
681 2089 840 2168 Episcopo
860 2107 956 2168 quam
974 2088 1161 2168 presbytero

174 2187 430 2250 committuntur.
449 2187 608 2248 Praeterea
623 2191 776 2266 tanquam
797 2187 958 2267 adjutores
971 2187 1086 2248 dantur
1096 2186 1160 2246 illis

173 2283 340 2362 Episcopis
362 2284 416 2362 qui
448 2289 612 2362 nequeunt
639 2267 748 2346 omnia
777 2303 832 2346 sua
854 2301 986 2346 munera
1011 2284 1157 2362 erplcre3

174 2382 317 2460 quamvis
341 2383 523 2462 hujusmodi
537 2382 813 2464 Suffroponeassau
834 2382 963 2445 Vieora'ns
990 2383 1020 2442 in
1040 2380 1162 2463 pontifi-

174 2478 283 2540 calibus
303 2481 342 2540 ad
361 2479 483 2554 ordinis
505 2479 680 2542 ministeria
699 2485 851 2552 sumatur,
868 2480 948 2541 nihil
963 2479 1068 2541 obstat
1081 2496 1160 2558 quo·

174 2577 279 2640 minus
296 2577 507 2640 constituatur
535 2577 568 2637 in
589 2577 749 2642 Vicarium
772 2579 962 2656 generalem.

121 2693 126 2704 ·
214 2679 243 2736 2.
270 2673 483 2755 Coodjutorum
505 2675 601 2755 oripo.
629 2709 670 2720 -
694 2674 869 2753 Episcopus
897 2675 984 2736 senio
1002 2675 1056 2736 *vel
1075 2675 1159 2734 mala

173 2773 354 2834 valetudine
383 2775 545 2835 conlectos
576 2773 737 2834 dimovere
770 2773 978 2856 inhumanum
1010 2773 1156 2846 videtur3

174 2887 249 2934 nam
261 2891 278 2928 n
287 2871 452 2932 altlictioni
467 2875 592 2933 nonest
606 2871 753 2934 addenda
759 2871 889 2934 afflictio
902 2871 955 2952 (l),
964 2893 978 2930 a
999 2889 1164 2950 quaprop-

174 2973 223 3032 ter
236 2987 257 3030 a
279 2969 439 3048 prioribus
454 2969 576 3030 saeculis
591 2967 732 3030 Ecclesia
758 2969 917 3030 concessit
943 2969 1158 3048 coadjutores,

174 3067 229 3144 qui
248 3067 405 3146 impedito
424 3066 557 3128 antistiti
579 3065 757 3128 subsidium
772 3071 1007 3145 compararent.
1034 3067 1161 3128 Illustrc

175 3168 224 3226 est
237 3167 419 3245 exemplum
434 3165 467 3226 S.
478 3163 658 3244 Augustini,
680 3163 734 3241 qui
747 3162 865 3226 Valerii
876 3164 977 3226 vicem
992 3163 1157 3225 sustinuit.

174 3333 225 3384 tiae.
238 3335 292 3385 Alio
306 3337 377 3386 ruodo
388 3318 469 3398 potest
487 3323 637 3386 considerari
652 3346 735 3398 poona3
745 3335 771 3384 in
783 3343 905 3396 quantum
917 3311 955 3386 est
967 3335 1093 3386 medicina
1107 3349 1156 3385 nou

172 3415 252 3466 solum
259 3415 372 3467 sanativa
380 3414 484 3475 peccati,
491 3415 534 3464 scd
542 3417 616 3465 etiam
627 3415 765 3476 promotiva
773 3413 799 3462 in
810 3417 910 3478 aliquod
920 3417 1018 3466 bonum.
1028 3419 1058 3466 Et
1067 3427 1159 3468 secun·
1227 3471 1230 3475 ,

173 3496 233 3544 dum
247 3495 293 3542 hoc
307 3494 400 3554 aliquis
409 3495 535 3544 interdurn
545 3495 649 3556 punitur
660 3495 715 3544 sinc
732 3496 815 3556 culpa,
826 3509 876 3545 non
888 3505 970 3546 tamen
979 3497 1034 3546 sine
1043 3509 1129 3545 eausa.
1144 3511 1155 3539 ι

204 3576 239 3639 (l)
253 3573 412 3624 Innocentius
423 3574 467 3633 lll,
476 3586 531 3636 cap.
547 3588 573 3636 v,
584 3575 615 3624 de
625 3574 723 3633 Clariae
736 3575 883 3639 ceprotonte.
