2630 4250
130 249 142 275 κ
218 301 269 348 218
383 297 540 345 EXPOSITIO
562 295 740 348 nunnontct
761 295 845 340 Junls
868 291 1024 338 cAnontol.

216 416 271 496 qui
285 415 392 477 neceb
413 413 674 477 ecclesiasticaet
688 409 843 474 canonica
859 411 1014 487 potestate
1039 406 1095 472 rite
1111 405 1200 468 orda

215 514 282 574 noti
301 532 352 574 lter
371 511 452 572 mosi
472 517 541 572 sant
543 509 729 588 ‚legitimos
743 524 811 570 esse
828 505 938 568 minist
939 523 1005 580 rm,
1029 511 1100 566 enat
1087 489 1203 567 titema

215 612 265 674 sit.
284 631 300 668 a
318 612 412 674 Juxta
424 610 505 670 hanc
518 607 751 681 definitionem,
768 605 919 684 Episcopi
934 621 1000 664 non
1014 620 1052 664 ex
1064 604 1131 664 sola
1144 621 1196 665 or·

214 709 375 770 dinatioue
390 708 521 768 facultat
508 711 574 768 tem
587 704 773 766 exercendae
790 701 928 764 auctorit
915 701 988 764 tatis
1002 701 1193 780 episcopalis

214 810 470 884 consequuntur;
486 803 542 864 sed
556 803 688 880 insuper
701 801 881 863 necessaria
890 805 939 862 est
959 799 1100 879 legitima
1114 799 1194 859 mis-

213 905 271 979 sio,
287 921 345 984 per
365 919 461 982 quam
473 901 641 962 obtineant
657 897 924 977 jurisdictionem.
939 897 1036 976 Atqui
1052 901 1193 975 potestas

211 1001 374 1064 tribuendi
388 999 573 1060 missionem
584 998 624 1061 ed
639 999 798 1060 Romanos
810 995 984 1058 Pontifices
994 995 1065 1073 jnre
1085 993 1201 1056 divino

211 1101 361 1180 pertinet,
377 1098 528 1158 videlicet
546 1096 660 1158 eodem
677 1096 750 1176 jure
764 1112 827 1174 quo
845 1095 885 1154 ad
902 1095 933 1156 S.
952 1095 1082 1154 Petrum
1095 1098 1194 1155 caete-

212 1217 327 1278 rosque
343 1199 515 1279 Apostolos
534 1196 708 1276 pertinuit3
727 1212 802 1256 nam
822 1195 973 1257 Summus
985 1192 1131 1273 Pontifex
1146 1197 1193 1254 est

211 1298 297 1360 Petri
311 1313 476 1358 successor
493 1301 524 1357 et
542 1294 726 1374 apostolicae
741 1292 907 1372 potestatis
928 1293 1043 1353 haeres.

254 1395 604 1472 Praetereasulfragatur
617 1391 711 1453 ratio.
728 1393 763 1451 ln
776 1390 864 1452 omni
879 1389 1031 1450 societate
1048 1388 1130 1450 hene
1141 1406 1195 1450 or-

101 1545 103 1548 >
211 1495 329 1570 dinato,
347 1511 463 1555 munus
488 1488 703 1554 constituendi
723 1487 924 1566 magistratus
945 1487 999 1566 qui
1015 1486 1198 1563 provincias

211 1592 444 1662 administrent,
464 1589 602 1668 pertinet
615 1588 654 1648 ad
671 1603 745 1648 eum
759 1583 814 1663 qui
827 1585 887 1646 toti
903 1583 1048 1646 societati
1062 1589 1190 1661 praeest.

211 1687 308 1768 Atqui
323 1704 362 1748 ex
373 1685 573 1747 institutione
586 1683 693 1744 divina
706 1684 867 1744 Romanus
879 1681 1024 1742 Pontifex
1037 1685 1086 1741 est
1098 1685 1194 1760 caput

209 1783 306 1843 totius
321 1783 490 1844 Ecclesiae.
510 1783 593 1860 Ergo
615 1780 774 1842 institutio
792 1779 1023 1858 Episcoporum
1048 1778 1103 1857 qui
1124 1779 1200 1838 sin·-

209 1881 296 1956 gulas
311 1879 465 1940 dioceses
476 1877 664 1956 gubernent,
681 1879 721 1938 ad
735 1879 904 1940 Summum
922 1877 1110 1939 Pontificem
1122 1894 1195 1956 per-

207 1977 298 2050 tinet,
317 1975 376 2054 qui
400 1974 571 2035 «muneris
586 1973 634 2034 sui
655 1975 763 2036 ollioio
787 1975 883 2036 debet
900 1975 1033 2036 idoneos
1047 1977 1195 2037 Pastores

209 2072 339 2152 siugulis
352 2072 504 2134 Ecclesiis
519 2071 683 2150 praelioere
693 2094 707 2131 a
724 2072 855 2152 (concil.
869 2073 974 2148 Trid.‚
992 2091 1065 2135 sess.
1082 2075 1195 2148 XXIV,
1310 2153 1311 2160 ἵ

208 2187 275 2248 cap.
301 2169 338 2248 1).
352 2202 393 2214 -
413 2170 453 2230 Et
467 2168 651 2253 ecquidem
665 2173 805 2247 potestas
820 2171 949 2250 propria
965 2175 1011 2232 est
1024 2170 1117 2231 unius
1129 2171 1197 2230 Ro·
1310 2171 1311 2252 ᾗ

209 2268 298 2330 mani
317 2267 491 2341 Pontificis,
511 2266 671 2345 siquidem
701 2267 792 2345 oipsi
808 2267 841 2327 in
866 2269 901 2328 Β.
919 2270 1012 2330 Petro
1029 2267 1194 2346 pascendi,
1310 2261 1311 2332 l

207 2365 361 2443 regendi,
392 2363 588 2444 gubernandi
618 2365 799 2426 universam
824 2363 1000 2426 Ecclesiam
1026 2383 1044 2425 a
1069 2365 1197 2427 Christo

202 2462 319 2542 plenem
341 2469 511 2540 potestatem
531 2462 684 2524 traditam
709 2478 776 2523 esse
803 2482 818 2520 a
848 2463 991 2538 definivit
1015 2463 1196 2525 Concilium

214 2559 443 2622 Florentinum.
1310 2613 1311 2654 i

248 2661 278 2720 Ξ.
298 2657 484 2737 Explicatur
497 2656 603 2737 procis
617 2655 771 2718 Ecclesiae.
788 2658 914 2719 -Tria
931 2656 1136 2736 requiruntur
1152 2659 1196 2718 ad
1310 2721 1311 2746 ,

208 2755 385 2836 legitimam
411 2751 644 2832 Episcoporum
669 2753 916 2828 institutionem,
946 2756 1069 2818 scilicet
1095 2755 1205 2818 electio*
1310 2747 1311 2750 '

208 2870 363 2932 personae,
381 2849 564 2931 confirmatio
575 2867 632 2928 per
647 2869 743 2929 quam
765 2853 885 2916 electus
899 2854 1105 2933 consequitur
1118 2853 1197 2915 mis-

12 2981 15 2986 ·
127 2989 129 2994 ,
209 2951 342 3025 sionem,
359 2947 531 3008 consecratio
544 2965 605 3025 qua
630 2953 771 3026 potestas
786 2951 908 3012 ordinis
918 2951 1109 3031 episcopalis
1118 2969 1197 3015 con-
1310 2917 1311 2960 ἱ

208 3049 319 3110 fertur.
350 3046 508 3124 Equidem
531 3044 608 3105 olim
631 3046 759 3107 'Summi
785 3047 955 3110 Pontifices
969 3066 1035 3110 non
1049 3051 1191 3128 {semper
1310 3117 1311 3124 ἵ

210 3143 396 3206 immediate
410 3141 600 3205 exercebant
614 3147 807 3222 potestatem
832 3145 1043 3206 confirmandi
1057 3146 1196 3224 Episoo·
1310 3167 1311 3176 ¹

211 3259 280 3320 pos.
309 3243 421 3304 Primis
444 3241 595 3304 Ecclesia
616 3241 750 3318 saeculis,
782 3242 898 3321 quihus
921 3245 1014 3306 electi
1039 3244 1193 3324 Episcopi
1310 3253 1311 3326 j

210 3341 400 3420 plerumque
423 3341 528 3402 statim
554 3341 834 3416 consecrabantur,
868 3343 908 3404 de
932 3343 1004 3422 jure
1029 3344 1204 3404 communi

212 3437 411 3500 confirmatio
425 3455 443 3498 a
464 3437 628 3516 superiore
641 3439 828 3502 immediato
844 3445 911 3502 erat
925 3441 1141 3519 impetranda;
1163 3441 1200 3502 id
1310 3429 1311 3502 ἶ

161 3547 165 3556 ·
211 3525 1202 3624 est,EpiscopusaMetropolita‚ArchiepiscopusaPatriarcha,

211 3637 244 3694 ct
261 3632 321 3692 iste
335 3647 353 3694 a
367 3630 522 3694 Pontifice
536 3649 670 3696 romano
689 3633 969 3698 confirmabantur.
