2630 4250
215 201 272 250 284
389 201 544 247 Exrosmo
565 199 743 246 Metuentes
761 199 849 274 ,touls
871 200 1025 246 calomen

218 321 334 383 nullius
351 319 543 398 subjectum;
564 317 620 379 sed
646 317 679 377 in
706 318 836 398 proprio
866 317 1010 380 dominio
1034 333 1072 380 ac
1100 332 1210 395 regno

219 420 381 480 sedentem
395 415 510 478 suimet
519 415 599 496 juris
612 431 690 490 esse,
702 419 734 476 et
747 414 779 474 in
791 414 1048 477 nobililibortate
1063 413 1206 476 catholi-

218 533 291 578 cam
306 517 402 577 tidem
415 513 509 590 tueri,
521 531 558 575 ae
570 529 782 592 propugnare.
799 535 813 571 u

548 715 578 762 l.
596 711 666 760 illius
678 708 863 760 inviolabilitas.

260 865 538 930 inviolabilitatem
563 864 657 942 hujus
683 863 847 942 potestatis
871 861 1011 923 vindicat
1036 861 1109 922 Pius
1134 863 1200 922 lX:

225 988 239 1023 u
255 963 358 1026 Officii
381 963 481 1023 nostri
505 961 584 1022 ratio
608 962 759 1039 postulat,
785 967 820 1023 nt
838 961 876 1021 in
903 960 985 1022 civili
1003 960 1202 1038 Apostolioac

219 1060 311 1122 Sedis
334 1060 516 1138 principatu
539 1061 658 1121 tuendo
682 1061 754 1139 iura
779 1059 1056 1138 possessionesque
1075 1059 1202 1120 Sanctae

216 1159 367 1236 Romanae
380 1157 541 1231 Ecclesiae,
558 1161 652 1236 atque
667 1158 810 1236 ejusdem
820 1159 910 1219 Sedis
921 1158 1114 1230 libertatem,
1127 1173 1200 1233 quae

190 1313 195 1322 .
217 1273 292 1318 cum
305 1257 402 1317 totius
416 1256 567 1317 ccclesiae
593 1256 739 1319 libertate
756 1262 788 1319 et
802 1257 937 1318 utilitate
954 1262 1001 1317 est
1013 1255 1199 1333 conjuncta,

216 1354 292 1415 totis
304 1354 422 1415 viribus
441 1354 649 1415 defendamus
661 1353 715 1432 (l).
729 1375 742 1408 n
877 1433 879 1438 ι

256 1453 432 1514 Declaratio
457 1451 710 1530 Episcoporum:
742 1473 754 1508 r
780 1451 921 1514 solemni
937 1449 1067 1529 eloquio
1088 1449 1200 1510 decla-

217 1549 310 1611 rasti:
324 1549 392 1610 «ΤΘ
409 1549 534 1611 civilem
546 1551 698 1611 Romanae
709 1549 860 1611 llcclesiae
881 1549 1097 1629 principatum
1113 1547 1201 1626 ejus-

218 1665 278 1725 que
296 1649 487 1730 temporales
502 1647 717 1728 possessiones
732 1664 768 1736 ac
780 1647 862 1726 jura,
880 1665 950 1724 quae
961 1647 1001 1706 ad
1015 1645 1200 1714 uniuersum

217 1747 410 1808 catholicum
432 1747 543 1808 orbem
562 1746 733 1825 pertinent,
750 1745 872 1823 integra
896 1750 927 1806 et
950 1744 1099 1806 inviolata
1120 1760 1202 1804 con·

216 1847 337 1904 stanter
350 1845 442 1917 tueri,
459 1850 490 1906 et
504 1861 627 1904 servare
643 1845 739 1918 velle;
757 1844 822 1905 imo
837 1845 960 1904 Sanctae
974 1843 1062 1904 Sedis
1072 1841 1201 1920 princi·

215 1944 309 2017 patus
323 1941 473 2019 Beatique
491 1941 575 2002 Petri
589 1941 723 2001 tutelam
737 1941 776 2001 ad
789 1957 899 2002 omnes
914 1939 1088 2002 catholicos
1096 1939 1201 2017 perti-

213 2051 307 2110 nere3
320 2031 433 2115 leque
452 2041 596 2116 paratum
612 2054 679 2098 esse
692 2038 832 2099 animam
845 2037 951 2116 potius
965 2053 1085 2116 ponere
1100 2053 1200 2116 quam

215 2132 297 2194 hanc
327 2132 394 2208 Dei,
425 2133 577 2194 Ecclesiae
613 2151 650 2195 ac
681 2134 814 2213 justitiae
843 2151 971 2208 eausam
1001 2134 1067 2194 ullo
1099 2133 1199 2194 modo

213 2230 360 2290 deserere
375 2229 426 2310 (i).
445 2253 460 2288 u
486 2230 604 2302 Quibus
624 2233 786 2310 praeclaris
810 2233 914 2293 verbis
936 2233 1134 2310 plaudentes,
1153 2231 1198 2292 'le

212 2327 377 2388 humiliter
393 2345 552 2408 rogamus,
571 2329 651 2391 utin
672 2331 732 2392 hac
753 2331 930 2392 constantia
952 2348 989 2392 ao
1012 2319 1198 2390 firmissimo

212 2425 377 2504 proposito
394 2443 521 2488 maneas
549 2426 738 2491 immobilis.
765 2429 799 2488 ld
827 2428 964 2489 etiams
991 2429 1033 2488 Te
1058 2427 1199 2505 postulat
1305 2451 1306 2467 ¹

214 2522 328 2585 Christi
354 2524 495 2584 Ecclesia
509 2541 567 2602 pro
587 2525 677 2604 cujus
703 2524 838 2586 feliciori
862 2524 1019 2604 regimine
1043 2523 1197 2586 Romanis
1304 2551 1305 2554 ¹

211 2621 420 2684 Pontificibus
452 2621 552 2682 civilis
592 2621 789 2700 principatus
823 2622 1102 2702 providentissime
1135 2622 1197 2684 suit

212 2719 393 2794 attributus,
421 2735 555 2798 quaeque
583 2719 682 2781 sensit
710 2719 852 2800 ejusdem
876 2723 1010 2782 tutelam
1031 2721 1071 2780 ad
1091 2721 1197 2800 ipsam
1304 2725 1305 2796 p

213 2817 393 2896 pertinere;
423 2818 456 2878 id
481 2818 643 2897 postulant
656 2817 774 2879 Christi
786 2819 899 2879 fideles
918 2835 976 2896 per
995 2835 1107 2878 ornnes
1131 2822 1196 2878 ter·

210 2931 318 2976 rarum
332 2914 417 2976 orbis
433 2915 579 2992 regiones
602 2915 749 2993 dispersi,
776 2915 831 2994 qui
853 2915 953 2976 libere
976 2916 1016 2975 ad
1030 2915 1074 2975 'le
1088 2913 1196 2976 venire

209 3009 372 3091 libereque
387 3011 594 3074 conscientiae
610 3030 675 3074 suae
689 3015 856 3076 considere
876 3013 1036 3090 gestiunt3
1054 3012 1087 3072 id
1104 3012 1196 3074 deni·

209 3125 271 3186 que
283 3109 351 3188 ipsa
366 3109 464 3171 civilis
485 3109 631 3188 deposcit
645 3109 796 3185 societas,
813 3127 884 3188 quae
898 3127 935 3170 ex
950 3109 1008 3170 'lui
1026 3109 1198 3190 regiminis
1303 3133 1304 3201 p

209 3205 412 3269 subversione
423 3224 479 3268 sua
490 3207 559 3286 ipsa
572 3213 686 3270 nutare
705 3207 801 3270 sentit
819 3209 1036 3270 fundamenta.

251 3323 265 3360 o
279 3304 340 3364 Sed
357 3305 433 3383 quid
456 3306 577 3384 plura?
602 3305 651 3368 'lu
675 3307 808 3389 tandem
833 3305 1004 3384 aliquando
1032 3305 1196 3368 bonorum

238 3461 271 3520 (1)
286 3460 407 3509 Alloeutio
425 3460 517 3520 ouibus
527 3464 686 3528 quantisque.

241 3541 273 3602 (2)
290 3539 367 3600 Epist.
382 3540 680 3602 lincycl.,ttljun.1860.
