2604 4270
221 156 252 208 tt
395 157 552 206 EXPOSITIO
573 155 748 204 unduontca
767 157 849 202 mals
871 156 1028 204 emaculet.

526 357 553 402 2.
567 354 605 404 Do
617 353 710 416 synodo
727 352 878 404 Emesena.

255 507 279 567 1.
296 505 489 568 Gubernatio
513 505 657 567 dioecesis
680 504 824 566 imitatur
843 505 988 583 regimen
1004 506 1191 568 universalis

216 605 377 668 Ecclesiae.
392 605 540 684 Sicutjus
553 621 723 666 commune
735 603 782 664 vel
793 620 811 663 a
821 604 965 664 Romano
976 605 1131 666 Pontifice
1146 605 1194 666 vel

216 722 235 764 a
258 704 394 766 concilio
417 703 554 782 generali
578 705 685 778 fertur,
711 701 754 762 ita
767 701 819 780 jus
843 701 1057 764 dioecesanum
1079 704 1127 765 vel
1152 703 1192 766 ab

216 802 374 882 Episcopo
388 803 435 864 vel
447 820 465 862 a
476 803 596 881 synodo
612 799 772 862 statuitur.

255 902 293 962 11.
310 901 487 962 Discrimen
502 900 645 963 consistit
659 901 692 960 in
705 916 742 960 eo
758 897 843 975 quod
854 897 1030 979 Episcopus
1040 901 1126 962 solus
1136 917 1196 979 po-

214 1003 362 1062 testatem
378 997 541 1077 legileram
563 999 595 1058 in
614 999 736 1079 synodo
757 1004 911 1074 exerceat,
939 999 1015 1058 dum
1029 999 1194 1078 Episcopi,

215 1114 289 1159 oum
302 1097 433 1157 Summo
451 1097 605 1158 Pontifioe
622 1101 786 1175 regentem
801 1096 976 1159 Ecclesiam
994 1097 1195 1158 constituen-

215 1198 274 1268 tes,
291 1198 323 1254 et
341 1193 401 1271 ipsi
419 1199 491 1255 sunt
502 1195 627 1274 judices
645 1194 678 1253 in
692 1194 836 1254 conciliis
858 1193 1070 1272 generalibus.
1093 1195 1195 1274 Hujus

216 1291 408 1352 discriminis
423 1291 503 1353 ratio
518 1297 575 1368 est,
594 1293 668 1372 quia
682 1291 857 1372 presbyteri
871 1298 945 1354 sunt
959 1299 1084 1356 tantum
1100 1293 1196 1374 adju-

215 1394 301 1452 tores
316 1389 476 1468 Episcopi.

341 1574 357 1638 5
373 1573 397 1627 2.
412 1601 443 1612 -
459 1573 589 1627 Personas
603 1573 829 1642 jurisdictionem
846 1573 1031 1638 obtinentes(
1048 1576 1067 1638 t.

256 1729 281 1780 1.
295 1727 427 1782 Personae
438 1726 577 1800 physicae.

253 1816 281 1872 2.
291 1815 422 1870 Personae
435 1815 570 1871 morales.

437 1994 462 2044 1.
481 1993 592 2043 Potestas
605 1993 708 2056 singulis
723 1993 835 2057 personis
848 2005 975 2044 concesse.

259 2149 284 2210 l.
301 2145 473 2228 11911111-
490 2147 633 2209 Romano
652 2147 800 2210 Pontifici
815 2145 1031 2226 competitjus
1047 2145 1212 2208 mittendi¹

220 2249 365 2326 Legatos,
389 2246 452 2307 sive
474 2247 612 2322 stabiles,
631 2245 695 2308 sive
712 2248 751 2307 ad
771 2251 907 2326 tempus,
926 2245 981 2324 qui
998 2244 1082 2337 vices
1100 2245 1201 2323 ipsius

222 2343 362 2406 absentis
377 2344 506 2407 obeunt.
521 2347 607 2407 Inter
621 2350 737 2407 caetera
747 2346 819 2424 jura
834 2345 948 2425 quihus
965 2343 1110 2406 instructi
1127 2347 1201 2404 sunt

222 2442 341 2521 Legati,
356 2443 437 2504 hanc
453 2443 549 2504 ctiam
566 2443 683 2504 habere
696 2449 829 2522 possunt
843 2443 1027 2503 facultatem
1040 2440 1201 2504 statuendi

223 2541 309 2620 leges
321 2541 540 2620 particulares,
555 2559 626 2621 quae
643 2540 820 2620 provincias
833 2539 985 2618 obligant.

264 2642 301 2702 ll.
321 2639 450 2701 Proedrti
462 2640 721 2720 jurisdictionem
738 2638 827 2722 quasi
843 2637 1058 2716 episcopalem
1079 2637 1201 2716 adepti,

225 2758 254 2802 v.
275 2757 306 2818 g.
325 2738 475 2815 abbates,
496 2725 615 2802 vicarii
630 2736 817 2816 Apostolioi,
840 2735 984 2800 vicarius
1005 2735 1202 2815 capitularis,

227 2841 381 2918 potestate
396 2837 571 2915 legislativa
582 2835 731 2914 gaudent.

432 3029 459 3079 2.
474 3027 587 3075 Potestas
597 3023 709 3088 personis
715 3023 854 3074 moralibus
864 3035 991 3074 concessa.

270 3179 294 3238 l.
312 3176 455 3238 Ordinem
469 3174 651 3256 repulerim
662 3172 814 3237 Generules
825 3174 1053 3254 cumCapitulo
1067 3176 1206 3254 regulari

231 3280 364 3356 possunt
376 3276 513 3336 condere
523 3279 639 3337 statuta
651 3279 815 3352 perpetua,
828 3289 899 3350 quae
911 3273 974 3332 vim
985 3273 1062 3352 legis
1075 3273 1206 3338 hahent.

233 3372 359 3435 Etenim
371 3389 428 3450 per
443 3373 686 3434 constitutiones
700 3390 718 3433 a
731 3373 845 3434 Sancta
860 3372 942 3434 Sede
955 3371 1145 3450 approbatas
1156 3389 1211 3435 ac-

265 3523 297 3587 (1)
308 3522 429 3585 llasohat,
439 3521 549 3584 Pirhing,
557 3521 725 3574 Decretolium
736 3523 782 3574 lib.
796 3521 879 3586 11,tit.
897 3524 923 3585 2,
935 3520 972 3572 Do
981 3520 1209 3574 constitutionibus.
