2620 4258
458 357 532 401 PARS
554 355 715 428 speculans.
764 390 766 393 .

447 572 667 628 ARTIGULUS
685 573 714 625 ΙΙ

146 748 257 789 REGULAE
280 748 313 786 DE
336 746 515 786 conolmonnn
538 745 746 798 CONVOCATIONE,
770 747 964 786 CELEBRATIONE
985 747 1017 785 ET

475 833 699 872 CONFIRMATIONE.

130 991 146 1054 ἓ
162 991 187 1042 i.
202 987 241 1042 De
255 985 377 1040 concilio
392 981 532 1054 generali.

130 1080 186 1142 §a
202 1077 239 1130 lle
253 1073 378 1130 concilio
394 1069 545 1128 nationali.

130 1168 145 1230 ἓ
160 1167 186 1220 3.
202 1165 241 1218 lle
256 1161 378 1218 concilio
391 1159 575 1234 provinciali.

130 1253 146 1314 ἓ
161 1249 187 1304 l.
203 1249 241 1305 De
255 1247 361 1320 synodo
374 1247 548 1304 diecesana.

345 1441 397 1503 §1-
410 1467 438 1479 -
456 1440 494 1490 De
508 1439 627 1491 concilio
642 1439 767 1504 generali
783 1440 823 1500 (i).

134 1591 313 1652 Concilium
327 1591 473 1666 generale
484 1595 532 1652 est
545 1594 717 1652 conventus
730 1591 886 1670 majorum
900 1589 996 1650 totius
1013 1590 1074 1650 Ec-

91 1687 202 1749 clesiae
210 1689 428 1766 praelatorum,
443 1688 481 1749 ad
495 1687 735 1747 deliberandum
744 1705 839 1766 super
847 1685 1070 1748 communibus

89 1787 246 1847 Ecclesiae
260 1785 407 1865 negotiis,
427 1790 459 1846 et
483 1802 520 1848 ea
544 1783 724 1846 definienda
749 1784 807 1846 snb
832 1783 1070 1846 confirmatione

91 1882 229 1942 Romani
244 1882 418 1944 Pontifiois.

133 1981 176 2040 Ul
186 1979 326 2040 concilia
338 1979 401 2040 sint
416 1979 558 2058 legitima
570 1979 773 2056 requiruntur
788 1979 1003 2042 solemnitates
1016 1978 1074 2038 iri·

93 2077 187 2156 plicis
212 2079 345 2157 generis,
367 2093 482 2155 nempe
503 2077 620 2156 praevia
649 2078 821 2151 convocatio,
853 2078 920 2156 ipsa
945 2075 1072 2140 concilii
1112 2111 1114 2116 ,

94 2175 255 2251 celebratio,
272 2176 468 2254 subsequens
484 2175 682 2256 confirmatio.

133 2327 160 2380 i.
173 2325 212 2380 De
225 2323 430 2380 convocatione
444 2323 560 2378 concilii
578 2322 733 2392 generalis.
966 2358 976 2398 ,

130 2415 158 2468 2.
174 2412 307 2468 Deillius
326 2411 531 2467 celebratione.

130 2503 159 2556 3.
175 2501 213 2556 De
228 2500 308 2556 illius
321 2499 549 2556 confirmatione.
618 2529 621 2536 ·

188 2691 301 2748 ansno
316 2694 348 2741 1⁶.
362 2717 392 2726 -
409 2692 447 2741 Dc
461 2703 647 2742 convoonnionn
665 2703 771 2740 concana
786 2703 921 2742 cnnnnnnas
936 2693 981 2753 (ἲ).

4 2929 5 2938 ¹
134 2851 327 2912 convocatio
342 2851 554 2913 conciliorum
566 2853 598 2912 in
611 2869 726 2932 genere
739 2856 787 2914 esi
800 2857 888 2914 acius
907 2851 1071 2928 solemnis,

4 2943 6 3036 f
97 2966 161 3028 quo
182 2954 291 3026 pastor
309 2949 444 3028 collegio
463 2951 651 3030 prepositus
665 2949 828 3030 publicam
849 2949 975 3012 concilii
990 2949 1073 3010 cele-

95 3045 276 3108 brationem
289 3047 400 3109 indicit
417 3047 566 3109 omnibus
585 3049 726 3128 cJ'usdem
739 3048 864 3126 collegii
883 3047 1073 3126 pastoribus,

76 3141 234 3204 .Proinde
264 3145 459 3224 convocatio.
474 3146 603 3208 concilii
627 3147 780 3224 generalis
802 3151 849 3206 est
869 3151 979 3220 actus,
1010 3163 1073 3224 quo

100 3242 251 3302 Summus
275 3244 433 3317 Pontifex,
460 3250 554 3322 capul
577 3243 719 3323 conponis
743 3243 940 3322 episcopalis,
963 3259 1073 3305 omnes

99 3339 276 3418 Episcopos
286 3345 377 3402 vocat
388 3341 427 3402 ad
441 3341 614 3404 concilium
627 3340 863 3402 celebrandum.

133 3525 166 3584 (ll
182 3527 348 3591 Thomassin„
361 3528 553 3607 Disseriaia'oneo
567 3527 593 3576 io
609 3525 724 3578 concilia.
738 3553 768 3561 -
783 3525 866 3590 Binen,
880 3524 1025 3590 Apparatus
1036 3523 1070 3574 ad

93 3604 331 3668 juricpradeniiom
345 3607 550 3660 ecclesiasticam.

134 3683 171 3748 (2)
182 3685 309 3778 Basileioi,
322 3686 358 3736 De
366 3688 491 3751 poieslole
505 3688 655 3752 Pontificum
670 3689 694 3737 el
706 3686 870 3738 conciliorum
882 3683 1046 3750 qeneraliam.

909 3781 968 3828 18.v
