2620 4258
235 245 288 292 29⁰
400 236 557 286 EXPOSITIO
578 235 755 282 barnoinus
775 235 857 280 lunis
880 233 1036 280 CAEONIGI.

483 434 499 498 g
512 432 539 484 l.
552 431 634 484 -Ea
641 427 760 484 vicariis
775 431 967 496 pensralibus.

269 595 295 646 l.
307 587 568 644 Archidiaconatus·
582 585 662 641 velut
674 585 754 654 origo
763 583 943 640 Vicariorum
957 561 1152 656 ¹generalium.

269 681 296 733 2.
310 675 470 731 vicariatus
484 672 724 744 generalis-notio
736 674 766 728 et
777 671 931 728 institutio.

267 768 294 821 3.
306 765 433 820 Potestas
447 761 553 819 Vicarii
566 760 725 836 generalis.

310 945 332 992 1.
351 937 572 988 archidiaconatus
585 936 653 988 velut
669 923 737 996 origi
752 933 906 984 Vicat-iorum
922 933 1077 995 generalium
1093 935 1133 996 (1).

272 1090 389 1154 Vicarii
404 1089 566 1168 generales
579 1087 736 1166 originem
750 1086 870 1148 ducunt
882 1084 921 1149 ab
932 1084 1134 1147 institutione
1152 1088 1215 1146 Ar-

232 1188 497 1251 chidiaconorum
512 1185 627 1265 quibus
643 1183 830 1244 succedunt.

270 1287 295 1347 I.
310 1284 536 1347 Archidiaconi
558 1281 798 1345 considerantur
817 1282 887 1342 tum
908 1282 943 1342 ut
964 1278 1125 1358 principes
1145 1281 1217 1342 dia-

232 1401 399 1458 conorum,
428 1388 496 1444 tum
518 1385 554 1443 ut
570 1377 678 1443 vicarii
700 1375 909 1456 episcopales
930 1375 1215 1448 ¹Quemadmodum

134 1501 137 1508 ·
232 1479 497 1560 Archipresbyter
510 1476 599 1540 urbis
613 1477 646 1536 in
660 1474 845 1536 muneribus
860 1472 980 1540 ordinis
993 1463 1215 1552 sacerdotalis,

142 1607 144 1610 ·
233 1580 277 1640 ita
290 1578 542 1640 Archidiaconus
554 1576 586 1636 in
598 1572 875 1636 administratione
889 1565 1059 1648 temporali
1069 1572 1215 1652 primum

233 1682 263 1738 et
288 1675 404 1737 deinde
426 1675 459 1734 in
484 1679 615 1736 externa
634 1669 857 1751 Jurisdictione
876 1667 1042 1746 Episcopis
1067 1669 1213 1734 subsidio

233 1778 309 1835 erat.
326 1775 372 1833 Ex
389 1767 501 1833 ordine
529 1771 738 1832 diaconorum
753 1765 1003 1830 Archidiaconus
1020 1767 1209 1847 eligebatur,

233 1870 287 1947 qui
302 1869 426 1930 caeteris
445 1884 552 1929 rernm
567 1863 979 1944 gerendarumdexteritate
991 1870 1166 1942 praestaret.

273 1964 356 2024 Olim
366 1963 629 2043 amplissimaiuit
642 1962 951 2023 Archidiaconorum
964 1966 1116 2039 polesino,
1136 1979 1210 2024 cunr

233 2059 340 2122 omnia
354 2059 419 2120 fere
433 2055 784 2138 negotiaecolesiastica
793 2059 934 2137 ipsorum
948 2059 1129 2124 ministerio
1140 2077 1212 2140 per-

233 2161 412 2236 agerentur.
426 2153 677 2218 Archidiaconus
690 2156 777 2217 enim
792 2158 977 2218 nonsolum
991 2157 1151 2237 Episcopo
1164 2175 1212 2219 ce·

233 2255 368 2317 lebranti
392 2256 510 2330 aderat,
531 2258 563 2316 et
577 2254 682 2316 officia
701 2247 910 2316 diaconorum
927 2255 1056 2333 propria
1081 2272 1210 2336 exeque-

233 2352 345 2426 batur;
369 2368 479 2412 verum
507 2351 604 2412 etiam
630 2351 777 2413 Diaconis
805 2357 835 2414 et
861 2351 1064 2414 inferioribus
1086 2353 1212 2414 clericis

234 2466 326 2512 suum
360 2450 475 2527 cuique
512 2449 652 2510 officium
684 2449 878 2530 assignabat3
892 2522 894 2535 Ι
908 2451 1059 2514 Ecclesiae
1085 2452 1209 2514 reditus

231 2547 485 2620 administrabat,
501 2552 531 2608 et
553 2551 653 2608 ratam
667 2548 849 2626 portionem
871 2549 904 2609 in
920 2549 1063 2624 clericos,
1079 2549 1112 2608 in
1128 2566 1212 2628 pau·

231 2664 333 2726 porea,
357 2633 389 2708 et
418 2645 451 2706 in
465 2645 616 2707 Ecclesiae
641 2645 794 2706 fabricam
816 2645 1022 2724 partiebatur.
1048 2647 1211 2710 Paroohos

231 2744 372 2824 aliosque
393 2743 598 2805 beneficiatos
620 2742 828 2821 corporaliter
845 2743 1050 2833 instituebatj
1063 2744 1210 2822 juniores

230 2841 364 2904 idoneos
378 2841 417 2901 ad
433 2841 559 2902 ordines
570 2841 730 2921 Episcopo
745 2840 908 2904 offerebat.

269 2941 308 3026 ll.
325 2936 611 3000 archidiaconatus
631 2938 766 3016 spectari
786 2943 891 3016 potest
913 2943 1064 3017 respectu
1078 2937 1209 3017 preshy-

229 3041 382 3110 tororum,
396 3035 444 3095 vel
459 3032 577 3098 vicarii
595 3035 762 3114 generalis,
779 3037 827 3098 vel
843 3035 1005 3115 Episcopi.

270 3137 298 3196 l.
332 3131 597 3210 Archidiaconus,
617 3131 694 3196 licet
719 3133 832 3196 ordine
861 3133 1042 3216 presbyteris
1064 3132 1206 3209 inferior,

231 3228 384 3308 dignitate
397 3235 504 3292 tamen
521 3231 667 3309 superior
686 3247 760 3292 mox
773 3230 901 3294 babitus
917 3237 975 3294 est.
991 3231 1121 3292 Etenim
1138 3247 1210 3295 cum

231 3331 313 3388 esset
326 3327 471 3390 minister
482 3327 644 3407 Episcopi,
667 3347 734 3406 prae
750 3344 782 3392 se
797 3329 920 3392 ferebat
938 3329 1129 3410 dignitatem
1146 3328 1212 3407 epi·

263 3492 296 3553 (l)
309 3491 477 3542 Decretalium
488 3493 531 3558 lib.
547 3492 567 3553 l,
581 3493 622 3542 tit.
643 3493 675 3543 de
688 3493 779 3560 Officio
790 3494 980 3547 Archidiaconi.
998 3523 1030 3533 —
1043 3495 1208 3556 {thomassin⁷

235 3570 311 3622 Vetus
321 3573 347 3621 ct
358 3571 428 3622 Nova
441 3570 560 3622 Ecclesiae
570 3571 719 3638 disciplina,
734 3589 793 3639 pars
804 3577 825 3639 l,
839 3577 924 3628 libii.
