<?xml version="1.0" encoding="UTF-8"?>
<!DOCTYPE html PUBLIC "-//W3C//DTD XHTML 1.0 Transitional//EN"
    "http://www.w3.org/TR/xhtml1/DTD/xhtml1-transitional.dtd">
<html xmlns="http://www.w3.org/1999/xhtml" xml:lang="en" lang="en">
 <head>
  <title>
</title>
<meta http-equiv="Content-Type" content="text/html;charset=utf-8" />
  <meta name='ocr-system' content='tesseract 3.04.00' />
  <meta name='ocr-capabilities' content='ocr_page ocr_carea ocr_par ocr_line ocrx_word'/>
</head>
<body>
  <div class='ocr_page' id='page_1' title='image "./expositiomethod00hugugoog_0105.png"; bbox 0 0 2588 4272; ppageno 0'>
   <div class='ocr_carea' id='block_1_1' title="bbox 242 203 1051 254">
    <p class='ocr_par' dir='ltr' id='par_1_1' title="bbox 242 203 1051 254">
     <span class='ocr_line' id='line_1_1' title="bbox 242 203 1051 254; baseline -0.002 -2"><span class='ocrx_word' id='word_1_1' title='bbox 242 205 276 252; x_wconf 78' lang='lat' dir='ltr'>&#39;lo</span> <span class='ocrx_word' id='word_1_2' title='bbox 420 205 574 254; x_wconf 72' lang='lat' dir='ltr'>EXPOSITIO</span> <span class='ocrx_word' id='word_1_3' title='bbox 595 203 772 252; x_wconf 71' lang='lat' dir='ltr'>uuruoumn</span> <span class='ocrx_word' id='word_1_4' title='bbox 793 205 876 254; x_wconf 75' lang='lat' dir='ltr'>lunis</span> <span class='ocrx_word' id='word_1_5' title='bbox 898 203 1051 250; x_wconf 77' lang='lat' dir='ltr'>cluourcl.</span> 
     </span>
    </p>
   </div>
   <div class='ocr_carea' id='block_1_2' title="bbox 555 411 903 477">
    <p class='ocr_par' dir='ltr' id='par_1_2' title="bbox 555 411 903 477">
     <span class='ocr_line' id='line_1_2' title="bbox 555 411 903 477; baseline 0 -14"><span class='ocrx_word' id='word_1_6' title='bbox 555 415 581 464; x_wconf 80' lang='grc'>2.</span> <span class='ocrx_word' id='word_1_7' title='bbox 597 414 708 464; x_wconf 79' lang='lat' dir='ltr'>Potestas</span> <span class='ocrx_word' id='word_1_8' title='bbox 718 412 846 464; x_wconf 82' lang='lat' dir='ltr'>coercendi</span> <span class='ocrx_word' id='word_1_9' title='bbox 856 411 903 477; x_wconf 85' lang='lat' dir='ltr'>(t).</span> 
     </span>
    </p>
   </div>
   <div class='ocr_carea' id='block_1_3' title="bbox 183 559 1269 1723">
    <p class='ocr_par' dir='ltr' id='par_1_3' title="bbox 239 559 1269 742">
     <span class='ocr_line' id='line_1_3' title="bbox 278 559 1269 647; baseline -0.01 -19"><span class='ocrx_word' id='word_1_10' title='bbox 278 569 304 628; x_wconf 90' lang='lat'>1.</span> <span class='ocrx_word' id='word_1_11' title='bbox 317 565 399 647; x_wconf 80' lang='lat' dir='ltr'>Ejus</span> <span class='ocrx_word' id='word_1_12' title='bbox 410 563 520 624; x_wconf 81' lang='lat' dir='ltr'>monio.</span> <span class='ocrx_word' id='word_1_13' title='bbox 537 595 577 611; x_wconf 94' lang='lat'><em>-</em></span> <span class='ocrx_word' id='word_1_14' title='bbox 594 566 735 626; x_wconf 78' lang='lat' dir='ltr'><strong>Potestas</strong></span> <span class='ocrx_word' id='word_1_15' title='bbox 755 562 924 625; x_wconf 83' lang='lat' dir='ltr'>coercitira</span> <span class='ocrx_word' id='word_1_16' title='bbox 940 561 1059 642; x_wconf 87' lang='lat' dir='ltr'>pariter</span> <span class='ocrx_word' id='word_1_17' title='bbox 1074 559 1223 638; x_wconf 82' lang='lat' dir='ltr'>fungitur</span> <span class='ocrx_word' id='word_1_18' title='bbox 1264 587 1269 595; x_wconf 94' lang='lat'><em>·</em></span> 
     </span>
     <span class='ocr_line' id='line_1_4' title="bbox 239 659 1086 742; baseline -0.007 -16"><span class='ocrx_word' id='word_1_19' title='bbox 239 663 359 742; x_wconf 82' lang='lat' dir='ltr'>duplici</span> <span class='ocrx_word' id='word_1_20' title='bbox 375 677 507 723; x_wconf 89' lang='lat' dir='ltr'>munere</span> <span class='ocrx_word' id='word_1_21' title='bbox 522 680 529 722; x_wconf 74' lang='grc' dir='ltr'>ε</span> <span class='ocrx_word' id='word_1_22' title='bbox 544 661 628 741; x_wconf 84' lang='lat' dir='ltr'>leges</span> <span class='ocrx_word' id='word_1_23' title='bbox 644 662 821 741; x_wconf 80' lang='lat' dir='ltr'>exequitur,</span> <span class='ocrx_word' id='word_1_24' title='bbox 838 677 946 742; x_wconf 87' lang='lat' dir='ltr'>poenas</span> <span class='ocrx_word' id='word_1_25' title='bbox 959 659 1086 738; x_wconf 84' lang='lat' dir='ltr'>infligit.</span> 
     </span>
    </p>

    <p class='ocr_par' dir='ltr' id='par_1_4' title="bbox 183 756 1222 1429">
     <span class='ocr_line' id='line_1_5' title="bbox 279 756 1220 840; baseline -0.008 -16"><span class='ocrx_word' id='word_1_26' title='bbox 279 763 317 824; x_wconf 91' lang='lat'>11</span> <span class='ocrx_word' id='word_1_27' title='bbox 334 759 420 825; x_wconf 80' lang='lat' dir='ltr'>Illius</span> <span class='ocrx_word' id='word_1_28' title='bbox 431 760 585 822; x_wconf 68' lang='lat' dir='ltr'>eontentio</span> <span class='ocrx_word' id='word_1_29' title='bbox 599 760 752 840; x_wconf 87' lang='lat' dir='ltr'>probatur</span> <span class='ocrx_word' id='word_1_30' title='bbox 767 762 798 820; x_wconf 90' lang='lat' dir='ltr'>l</span> <span class='ocrx_word' id='word_1_31' title='bbox 812 779 850 820; x_wconf 79' lang='lat' dir='ltr'>ea</span> <span class='ocrx_word' id='word_1_32' title='bbox 860 767 969 820; x_wconf 82' lang='lat' dir='ltr'>notura</span> <span class='ocrx_word' id='word_1_33' title='bbox 988 756 1132 819; x_wconf 75' lang='lat' dir='ltr'>societatis</span> <span class='ocrx_word' id='word_1_34' title='bbox 1143 775 1220 838; x_wconf 85' lang='lat' dir='ltr'>per·</span> 
     </span>
     <span class='ocr_line' id='line_1_6' title="bbox 237 855 1221 941; baseline -0.003 -20"><span class='ocrx_word' id='word_1_35' title='bbox 237 859 340 941; x_wconf 75' lang='lat' dir='ltr'>sorece.</span> <span class='ocrx_word' id='word_1_36' title='bbox 297 858 453 921; x_wconf 54' lang='lat' dir='ltr'>oeswnoie</span> <span class='ocrx_word' id='word_1_37' title='bbox 455 857 511 920; x_wconf 88' lang='lat' dir='ltr'>tati</span> <span class='ocrx_word' id='word_1_38' title='bbox 530 875 587 936; x_wconf 87' lang='lat' dir='ltr'>per</span> <span class='ocrx_word' id='word_1_39' title='bbox 588 858 679 921; x_wconf 86' lang='lat' dir='ltr'>fectae</span> <span class='ocrx_word' id='word_1_40' title='bbox 702 858 855 938; x_wconf 82' lang='lat' dir='ltr'>competit</span> <span class='ocrx_word' id='word_1_41' title='bbox 881 862 1019 936; x_wconf 88' lang='lat' dir='ltr'>potestas</span> <span class='ocrx_word' id='word_1_42' title='bbox 1041 855 1221 936; x_wconf 84' lang='lat' dir='ltr'>legislativa</span> 
     </span>
     <span class='ocr_line' id='line_1_7' title="bbox 183 955 1218 1037; baseline -0.006 -17"><span class='ocrx_word' id='word_1_43' title='bbox 183 1023 188 1036; x_wconf 66' lang='grc'>,</span> <span class='ocrx_word' id='word_1_44' title='bbox 238 964 271 1020; x_wconf 90' lang='lat' dir='ltr'>et</span> <span class='ocrx_word' id='word_1_45' title='bbox 278 957 456 1037; x_wconf 83' lang='lat' dir='ltr'>judiciaria.</span> <span class='ocrx_word' id='word_1_46' title='bbox 468 956 563 1034; x_wconf 88' lang='lat' dir='ltr'>Atqui</span> <span class='ocrx_word' id='word_1_47' title='bbox 576 961 709 1036; x_wconf 90' lang='lat' dir='ltr'>utraque</span> <span class='ocrx_word' id='word_1_48' title='bbox 717 974 757 1035; x_wconf 95' lang='lat' dir='ltr'>po</span> <span class='ocrx_word' id='word_1_49' title='bbox 759 961 855 1018; x_wconf 89' lang='lat' dir='ltr'>estas</span> <span class='ocrx_word' id='word_1_50' title='bbox 862 955 981 1035; x_wconf 84' lang='lat' dir='ltr'>exrgrt</span> <span class='ocrx_word' id='word_1_51' title='bbox 970 974 1021 1035; x_wconf 83' lang='lat' dir='ltr'>Jus</span> <span class='ocrx_word' id='word_1_52' title='bbox 1031 955 1218 1031; x_wconf 77' lang='lat' dir='ltr'>coercendi,</span> 
     </span>
     <span class='ocr_line' id='line_1_8' title="bbox 238 1048 1221 1135; baseline -0.004 -18"><span class='ocrx_word' id='word_1_53' title='bbox 238 1057 306 1118; x_wconf 91' lang='lat' dir='ltr'>sine</span> <span class='ocrx_word' id='word_1_54' title='bbox 321 1073 383 1135; x_wconf 93' lang='lat' dir='ltr'>quo</span> <span class='ocrx_word' id='word_1_55' title='bbox 400 1059 481 1117; x_wconf 89' lang='lat' dir='ltr'>esset</span> <span class='ocrx_word' id='word_1_56' title='bbox 494 1054 546 1115; x_wconf 89' lang='lat' dir='ltr'>ine</span> <span class='ocrx_word' id='word_1_57' title='bbox 549 1055 650 1117; x_wconf 82' lang='lat' dir='ltr'>ssieax.</span> <span class='ocrx_word' id='word_1_58' title='bbox 680 1055 761 1128; x_wconf 83' lang='lat' dir='ltr'>Ouid</span> <span class='ocrx_word' id='word_1_59' title='bbox 786 1055 918 1134; x_wconf 90' lang='lat' dir='ltr'>prodest</span> <span class='ocrx_word' id='word_1_60' title='bbox 939 1059 1078 1133; x_wconf 85' lang='lat' dir='ltr'>potestas</span> <span class='ocrx_word' id='word_1_61' title='bbox 1091 1048 1221 1114; x_wconf 87' lang='lat' dir='ltr'>ferendi</span> 
     </span>
     <span class='ocr_line' id='line_1_9' title="bbox 237 1151 1222 1233; baseline -0.004 -17"><span class='ocrx_word' id='word_1_62' title='bbox 237 1156 334 1233; x_wconf 81' lang='lat' dir='ltr'>leges,</span> <span class='ocrx_word' id='word_1_63' title='bbox 351 1152 377 1214; x_wconf 90' lang='lat' dir='ltr'>si</span> <span class='ocrx_word' id='word_1_64' title='bbox 391 1152 496 1232; x_wconf 94' lang='lat' dir='ltr'>puniri</span> <span class='ocrx_word' id='word_1_65' title='bbox 511 1169 576 1213; x_wconf 92' lang='lat' dir='ltr'>non</span> <span class='ocrx_word' id='word_1_66' title='bbox 589 1152 711 1231; x_wconf 82' lang='lat' dir='ltr'>possint</span> <span class='ocrx_word' id='word_1_67' title='bbox 723 1152 744 1211; x_wconf 91' lang='lat' dir='ltr'>ii</span> <span class='ocrx_word' id='word_1_68' title='bbox 756 1152 809 1232; x_wconf 91' lang='lat' dir='ltr'>qui</span> <span class='ocrx_word' id='word_1_69' title='bbox 825 1152 948 1232; x_wconf 85' lang='lat' dir='ltr'>legibus</span> <span class='ocrx_word' id='word_1_70' title='bbox 961 1169 1027 1213; x_wconf 91' lang='lat' dir='ltr'>non</span> <span class='ocrx_word' id='word_1_71' title='bbox 1040 1151 1222 1214; x_wconf 84' lang='lat' dir='ltr'>obediunt?</span> 
     </span>
     <span class='ocr_line' id='line_1_10' title="bbox 239 1249 1220 1330; baseline -0.004 -18"><span class='ocrx_word' id='word_1_72' title='bbox 239 1251 320 1324; x_wconf 80' lang='lat' dir='ltr'>Quid</span> <span class='ocrx_word' id='word_1_73' title='bbox 340 1249 565 1330; x_wconf 83' lang='lat' dir='ltr'>juvat·judioia</span> <span class='ocrx_word' id='word_1_74' title='bbox 583 1266 741 1326; x_wconf 82' lang='lat' dir='ltr'>exercere,</span> <span class='ocrx_word' id='word_1_75' title='bbox 764 1249 790 1310; x_wconf 90' lang='lat' dir='ltr'>si</span> <span class='ocrx_word' id='word_1_76' title='bbox 809 1250 999 1313; x_wconf 85' lang='lat' dir='ltr'>sententiam</span> <span class='ocrx_word' id='word_1_77' title='bbox 1023 1249 1138 1329; x_wconf 83' lang='lat' dir='ltr'>exequi</span> <span class='ocrx_word' id='word_1_78' title='bbox 1151 1266 1220 1310; x_wconf 93' lang='lat' dir='ltr'>non</span> 
     </span>
     <span class='ocr_line' id='line_1_11' title="bbox 238 1349 365 1429; baseline -0.024 -17"><span class='ocrx_word' id='word_1_79' title='bbox 238 1349 365 1429; x_wconf 82' lang='lat' dir='ltr'>possis?</span> 
     </span>
    </p>

    <p class='ocr_par' dir='ltr' id='par_1_5' title="bbox 237 1443 1220 1723">
     <span class='ocr_line' id='line_1_12' title="bbox 277 1443 1220 1526; baseline -0.006 -14"><span class='ocrx_word' id='word_1_80' title='bbox 277 1450 307 1512; x_wconf 73' lang='lat'>2.</span> <span class='ocrx_word' id='word_1_81' title='bbox 323 1445 378 1508; x_wconf 80' lang='lat' dir='ltr'>Ero</span> <span class='ocrx_word' id='word_1_82' title='bbox 394 1445 540 1508; x_wconf 81' lang='lat' dir='ltr'>voluntate</span> <span class='ocrx_word' id='word_1_83' title='bbox 561 1443 679 1518; x_wconf 72' lang='lat' dir='ltr'>Christi.</span> <span class='ocrx_word' id='word_1_84' title='bbox 697 1479 738 1490; x_wconf 91' lang='lat'><em>-</em></span> <span class='ocrx_word' id='word_1_85' title='bbox 758 1445 902 1526; x_wconf 84' lang='lat' dir='ltr'>Apostoli</span> <span class='ocrx_word' id='word_1_86' title='bbox 929 1447 1040 1508; x_wconf 82' lang='lat' dir='ltr'>dicunt</span> <span class='ocrx_word' id='word_1_87' title='bbox 1061 1447 1143 1508; x_wconf 90' lang='lat' dir='ltr'>hano</span> <span class='ocrx_word' id='word_1_88' title='bbox 1157 1462 1220 1526; x_wconf 92' lang='lat' dir='ltr'>po·</span> 
     </span>
     <span class='ocr_line' id='line_1_13' title="bbox 237 1543 1218 1622; baseline -0.002 -16"><span class='ocrx_word' id='word_1_89' title='bbox 237 1549 384 1606; x_wconf 82' lang='lat' dir='ltr'>testatem</span> <span class='ocrx_word' id='word_1_90' title='bbox 398 1544 567 1606; x_wconf 85' lang='lat' dir='ltr'>coercendi</span> <span class='ocrx_word' id='word_1_91' title='bbox 589 1543 650 1605; x_wconf 90' lang='lat' dir='ltr'>sibi</span> <span class='ocrx_word' id='word_1_92' title='bbox 670 1543 819 1605; x_wconf 86' lang='lat' dir='ltr'>divinitus</span> <span class='ocrx_word' id='word_1_93' title='bbox 838 1543 985 1604; x_wconf 82' lang='lat' dir='ltr'>collatam</span> <span class='ocrx_word' id='word_1_94' title='bbox 1004 1543 1115 1619; x_wconf 81' lang='lat' dir='ltr'>fuisse3</span> <span class='ocrx_word' id='word_1_95' title='bbox 1141 1563 1171 1605; x_wconf 90' lang='lat' dir='ltr'>v.</span> <span class='ocrx_word' id='word_1_96' title='bbox 1187 1562 1218 1622; x_wconf 82' lang='lat' dir='ltr'>g.</span> 
     </span>
     <span class='ocr_line' id='line_1_14' title="bbox 238 1641 1220 1723; baseline -0.003 -19"><span class='ocrx_word' id='word_1_97' title='bbox 238 1644 352 1704; x_wconf 89' lang='lat' dir='ltr'>Paulus</span> <span class='ocrx_word' id='word_1_98' title='bbox 368 1643 411 1704; x_wconf 88' lang='lat' dir='ltr'>ait</span> <span class='ocrx_word' id='word_1_99' title='bbox 431 1663 445 1700; x_wconf 80' lang='lat' dir='ltr'>o</span> <span class='ocrx_word' id='word_1_100' title='bbox 464 1645 499 1703; x_wconf 93' lang='lat' dir='ltr'>In</span> <span class='ocrx_word' id='word_1_101' title='bbox 514 1647 665 1723; x_wconf 92' lang='lat' dir='ltr'>promptu</span> <span class='ocrx_word' id='word_1_102' title='bbox 680 1660 714 1704; x_wconf 92' lang='lat' dir='ltr'>se</span> <span class='ocrx_word' id='word_1_103' title='bbox 734 1643 852 1705; x_wconf 87' lang='lat' dir='ltr'>hahere</span> <span class='ocrx_word' id='word_1_104' title='bbox 877 1642 988 1704; x_wconf 88' lang='lat' dir='ltr'>uloisoi</span> <span class='ocrx_word' id='word_1_105' title='bbox 1014 1649 1145 1703; x_wconf 86' lang='lat' dir='ltr'>omnem</span> <span class='ocrx_word' id='word_1_106' title='bbox 1172 1641 1220 1702; x_wconf 93' lang='lat' dir='ltr'>in-</span> 
     </span>
    </p>
   </div>
   <div class='ocr_carea' id='block_1_4' title="bbox 239 1740 1215 1932">
    <p class='ocr_par' dir='ltr' id='par_1_6' title="bbox 239 1740 1215 1932">
     <span class='ocr_line' id='line_1_15' title="bbox 239 1740 1215 1828; baseline -0.004 -26"><span class='ocrx_word' id='word_1_107' title='bbox 239 1740 454 1802; x_wconf 79' lang='lat' dir='ltr'>obedientiam</span> <span class='ocrx_word' id='word_1_108' title='bbox 470 1757 507 1799; x_wconf 87' lang='lat' dir='ltr'>ex</span> <span class='ocrx_word' id='word_1_109' title='bbox 524 1745 681 1818; x_wconf 85' lang='lat' dir='ltr'>potestate</span> <span class='ocrx_word' id='word_1_110' title='bbox 701 1759 796 1828; x_wconf 86' lang='lat' dir='ltr'>quam</span> <span class='ocrx_word' id='word_1_111' title='bbox 810 1741 898 1804; x_wconf 91' lang='lat' dir='ltr'>dedit</span> <span class='ocrx_word' id='word_1_112' title='bbox 912 1740 1003 1802; x_wconf 90' lang='lat' dir='ltr'>nobis</span> <span class='ocrx_word' id='word_1_113' title='bbox 1017 1740 1185 1802; x_wconf 77' lang='lat' dir='ltr'>Dominus</span> <span class='ocrx_word' id='word_1_114' title='bbox 1200 1761 1215 1798; x_wconf 82' lang='lat' dir='ltr'>n</span> 
     </span>
     <span class='ocr_line' id='line_1_16' title="bbox 239 1836 795 1932; baseline 0.007 -36"><span class='ocrx_word' id='word_1_115' title='bbox 239 1838 278 1916; x_wconf 91' lang='lat' dir='ltr'>(ll</span> <span class='ocrx_word' id='word_1_116' title='bbox 296 1836 506 1932; x_wconf 26' lang='lat' dir='ltr'>adtssorinth„</span> <span class='ocrx_word' id='word_1_117' title='bbox 524 1853 555 1910; x_wconf 89' lang='lat' dir='ltr'>x,</span> <span class='ocrx_word' id='word_1_118' title='bbox 573 1837 618 1917; x_wconf 87' lang='grc'>6.)</span> <span class='ocrx_word' id='word_1_119' title='bbox 791 1842 795 1848; x_wconf 91' lang='grc'><strong>’</strong></span> 
     </span>
    </p>
   </div>
   <div class='ocr_carea' id='block_1_5' title="bbox 254 2019 1206 2089">
    <p class='ocr_par' dir='ltr' id='par_1_7' title="bbox 254 2019 1206 2089">
     <span class='ocr_line' id='line_1_17' title="bbox 254 2019 1206 2089; baseline 0.013 -24"><span class='ocrx_word' id='word_1_120' title='bbox 254 2019 372 2080; x_wconf 81' lang='lat' dir='ltr'>ersrro</span> <span class='ocrx_word' id='word_1_121' title='bbox 385 2021 419 2072; x_wconf 74' lang='lat'>2¹.</span> <span class='ocrx_word' id='word_1_122' title='bbox 430 2044 460 2057; x_wconf 96' lang='lat'><em>-</em></span> <span class='ocrx_word' id='word_1_123' title='bbox 474 2019 554 2080; x_wconf 77' lang='lat' dir='ltr'>Quem</span> <span class='ocrx_word' id='word_1_124' title='bbox 569 2033 701 2073; x_wconf 80' lang='lat' dir='ltr'>srucrroux</span> <span class='ocrx_word' id='word_1_125' title='bbox 714 2037 857 2076; x_wconf 74' lang='lat' dir='ltr'>uuurnnrun</span> <span class='ocrx_word' id='word_1_126' title='bbox 871 2038 946 2074; x_wconf 75' lang='lat' dir='ltr'>exors</span> <span class='ocrx_word' id='word_1_127' title='bbox 956 2035 1146 2074; x_wconf 74' lang='lat' dir='ltr'>sccuesnsrmx</span> <span class='ocrx_word' id='word_1_128' title='bbox 1159 2025 1206 2089; x_wconf 77' lang='lat' dir='ltr'>(l).</span> 
     </span>
    </p>
   </div>
   <div class='ocr_carea' id='block_1_6' title="bbox 240 2172 1218 2551">
    <p class='ocr_par' dir='ltr' id='par_1_8' title="bbox 240 2172 1218 2354">
     <span class='ocr_line' id='line_1_18' title="bbox 281 2172 1218 2256; baseline 0.004 -24"><span class='ocrx_word' id='word_1_129' title='bbox 281 2172 420 2250; x_wconf 85' lang='lat' dir='ltr'>Sanctio,</span> <span class='ocrx_word' id='word_1_130' title='bbox 439 2174 497 2236; x_wconf 88' lang='lat' dir='ltr'>etsi</span> <span class='ocrx_word' id='word_1_131' title='bbox 510 2175 548 2237; x_wconf 87' lang='lat' dir='ltr'>ad</span> <span class='ocrx_word' id='word_1_132' title='bbox 557 2175 659 2255; x_wconf 89' lang='lat' dir='ltr'>ipsam</span> <span class='ocrx_word' id='word_1_133' title='bbox 670 2177 749 2254; x_wconf 81' lang='lat' dir='ltr'>legis</span> <span class='ocrx_word' id='word_1_134' title='bbox 758 2177 928 2240; x_wconf 87' lang='lat' dir='ltr'>essentiam</span> <span class='ocrx_word' id='word_1_135' title='bbox 943 2177 1024 2240; x_wconf 85' lang='lat' dir='ltr'>torte</span> <span class='ocrx_word' id='word_1_136' title='bbox 1038 2193 1103 2238; x_wconf 91' lang='lat' dir='ltr'>non</span> <span class='ocrx_word' id='word_1_137' title='bbox 1115 2176 1218 2256; x_wconf 91' lang='lat' dir='ltr'>perti·</span> 
     </span>
     <span class='ocr_line' id='line_1_19' title="bbox 240 2273 1094 2354; baseline 0.007 -24"><span class='ocrx_word' id='word_1_138' title='bbox 240 2275 325 2346; x_wconf 89' lang='lat' dir='ltr'>neat,</span> <span class='ocrx_word' id='word_1_139' title='bbox 341 2276 446 2333; x_wconf 89' lang='lat' dir='ltr'>tamen</span> <span class='ocrx_word' id='word_1_140' title='bbox 459 2273 499 2334; x_wconf 89' lang='lat' dir='ltr'>ad</span> <span class='ocrx_word' id='word_1_141' title='bbox 516 2274 735 2336; x_wconf 84' lang='lat' dir='ltr'>efficacitatem</span> <span class='ocrx_word' id='word_1_142' title='bbox 750 2274 827 2354; x_wconf 82' lang='lat' dir='ltr'>legis</span> <span class='ocrx_word' id='word_1_143' title='bbox 845 2274 1022 2338; x_wconf 82' lang='lat' dir='ltr'>necessaria</span> <span class='ocrx_word' id='word_1_144' title='bbox 1037 2278 1094 2336; x_wconf 88' lang='lat' dir='ltr'>est.</span> 
     </span>
    </p>

    <p class='ocr_par' dir='ltr' id='par_1_9' title="bbox 242 2369 1217 2551">
     <span class='ocr_line' id='line_1_20' title="bbox 280 2369 1217 2454; baseline 0.007 -27"><span class='ocrx_word' id='word_1_145' title='bbox 280 2369 455 2432; x_wconf 85' lang='lat' dir='ltr'>Definitur:</span> <span class='ocrx_word' id='word_1_146' title='bbox 473 2371 693 2434; x_wconf 85' lang='lat' dir='ltr'>Convenientis</span> <span class='ocrx_word' id='word_1_147' title='bbox 707 2373 843 2452; x_wconf 85' lang='lat' dir='ltr'>(praemii</span> <span class='ocrx_word' id='word_1_148' title='bbox 858 2390 895 2436; x_wconf 89' lang='lat' dir='ltr'>ao</span> <span class='ocrx_word' id='word_1_149' title='bbox 908 2372 1099 2453; x_wconf 73' lang='lat' dir='ltr'>praesertim)</span> <span class='ocrx_word' id='word_1_150' title='bbox 1111 2389 1217 2454; x_wconf 84' lang='lat' dir='ltr'>poenae</span> 
     </span>
     <span class='ocr_line' id='line_1_21' title="bbox 242 2466 1165 2551; baseline 0.009 -24"><span class='ocrx_word' id='word_1_151' title='bbox 242 2466 421 2528; x_wconf 84' lang='lat' dir='ltr'>criminosis</span> <span class='ocrx_word' id='word_1_152' title='bbox 435 2469 649 2531; x_wconf 77' lang='lat' dir='ltr'>retribuenda</span> <span class='ocrx_word' id='word_1_153' title='bbox 662 2471 832 2550; x_wconf 90' lang='lat' dir='ltr'>promissio</span> <span class='ocrx_word' id='word_1_154' title='bbox 846 2489 861 2532; x_wconf 88' lang='lat' dir='ltr'>a</span> <span class='ocrx_word' id='word_1_155' title='bbox 878 2471 1057 2551; x_wconf 80' lang='lat' dir='ltr'>legislatore</span> <span class='ocrx_word' id='word_1_156' title='bbox 1070 2473 1165 2535; x_wconf 85' lang='lat' dir='ltr'>laeta.</span> 
     </span>
    </p>
   </div>
   <div class='ocr_carea' id='block_1_7' title="bbox 243 2565 1221 2747">
    <p class='ocr_par' dir='ltr' id='par_1_10' title="bbox 243 2565 1221 2747">
     <span class='ocr_line' id='line_1_22' title="bbox 281 2565 1221 2653; baseline 0.006 -27"><span class='ocrx_word' id='word_1_157' title='bbox 281 2565 416 2627; x_wconf 82' lang='lat' dir='ltr'>Theoria</span> <span class='ocrx_word' id='word_1_158' title='bbox 429 2585 595 2645; x_wconf 89' lang='lat' dir='ltr'>poenarum</span> <span class='ocrx_word' id='word_1_159' title='bbox 607 2569 736 2634; x_wconf 89' lang='lat' dir='ltr'>exhibet</span> <span class='ocrx_word' id='word_1_160' title='bbox 751 2587 860 2632; x_wconf 86' lang='lat' dir='ltr'>earum</span> <span class='ocrx_word' id='word_1_161' title='bbox 873 2569 972 2652; x_wconf 78' lang='lat' dir='ltr'>finon,</span> <span class='ocrx_word' id='word_1_162' title='bbox 989 2567 1143 2650; x_wconf 84' lang='lat' dir='ltr'>objectum,</span> <span class='ocrx_word' id='word_1_163' title='bbox 1157 2589 1221 2653; x_wconf 84' lang='lat' dir='ltr'>spe-</span> 
     </span>
     <span class='ocr_line' id='line_1_23' title="bbox 243 2661 662 2747; baseline 0.021 -25"><span class='ocrx_word' id='word_1_164' title='bbox 243 2661 309 2740; x_wconf 82' lang='lat' dir='ltr'>eies,</span> <span class='ocrx_word' id='word_1_165' title='bbox 327 2661 485 2725; x_wconf 74' lang='lat' dir='ltr'>elmodam</span> <span class='ocrx_word' id='word_1_166' title='bbox 499 2664 662 2747; x_wconf 72' lang='lat' dir='ltr'>iaflipeodi.</span> 
     </span>
    </p>
   </div>
   <div class='ocr_carea' id='block_1_8' title="bbox 602 2852 856 2904">
    <p class='ocr_par' dir='ltr' id='par_1_11' title="bbox 602 2852 856 2904">
     <span class='ocr_line' id='line_1_24' title="bbox 602 2852 856 2904; baseline 0.004 -2"><span class='ocrx_word' id='word_1_167' title='bbox 602 2858 625 2902; x_wconf 85' lang='grc'>1.</span> <span class='ocrx_word' id='word_1_168' title='bbox 640 2853 773 2902; x_wconf 74' lang='lat' dir='ltr'>rosnarum</span> <span class='ocrx_word' id='word_1_169' title='bbox 787 2852 856 2904; x_wconf 82' lang='lat' dir='ltr'>finis.</span> 
     </span>
    </p>
   </div>
   <div class='ocr_carea' id='block_1_9' title="bbox 243 2975 1221 3370">
    <p class='ocr_par' dir='ltr' id='par_1_12' title="bbox 243 2975 1220 3183">
     <span class='ocr_line' id='line_1_25' title="bbox 284 2975 1220 3092; baseline 0.007 -31"><span class='ocrx_word' id='word_1_170' title='bbox 284 2975 497 3079; x_wconf 68' lang='lat' dir='ltr'>deprimenda</span> <span class='ocrx_word' id='word_1_171' title='bbox 512 3007 585 3066; x_wconf 87' lang='lat' dir='ltr'>sunt</span> <span class='ocrx_word' id='word_1_172' title='bbox 602 3004 734 3081; x_wconf 75' lang='lat' dir='ltr'>eramiae,</span> <span class='ocrx_word' id='word_1_173' title='bbox 757 3021 873 3084; x_wconf 90' lang='lat' dir='ltr'>nempe</span> <span class='ocrx_word' id='word_1_174' title='bbox 887 3005 1029 3092; x_wconf 80' lang='lat' dir='ltr'>actiones</span> <span class='ocrx_word' id='word_1_175' title='bbox 1044 3006 1220 3087; x_wconf 90' lang='lat' dir='ltr'>imputabi-</span> 
     </span>
     <span class='ocr_line' id='line_1_26' title="bbox 243 3097 1079 3183; baseline 0.014 -25"><span class='ocrx_word' id='word_1_176' title='bbox 243 3097 289 3159; x_wconf 92' lang='lat' dir='ltr'>les</span> <span class='ocrx_word' id='word_1_177' title='bbox 302 3099 416 3177; x_wconf 88' lang='lat' dir='ltr'>quibus</span> <span class='ocrx_word' id='word_1_178' title='bbox 431 3105 578 3164; x_wconf 89' lang='lat' dir='ltr'>externus</span> <span class='ocrx_word' id='word_1_179' title='bbox 591 3103 752 3165; x_wconf 80' lang='lat' dir='ltr'>societatis</span> <span class='ocrx_word' id='word_1_180' title='bbox 767 3105 846 3166; x_wconf 91' lang='lat' dir='ltr'>ordo</span> <span class='ocrx_word' id='word_1_181' title='bbox 863 3105 1079 3183; x_wconf 88' lang='lat' dir='ltr'>perturbatur.</span> 
     </span>
    </p>

    <p class='ocr_par' dir='ltr' id='par_1_13' title="bbox 244 3200 1221 3370">
     <span class='ocr_line' id='line_1_27' title="bbox 283 3200 1221 3282; baseline 0.006 -20"><span class='ocrx_word' id='word_1_182' title='bbox 283 3201 368 3262; x_wconf 87' lang='lat' dir='ltr'>Juris</span> <span class='ocrx_word' id='word_1_183' title='bbox 380 3201 512 3280; x_wconf 86' lang='lat' dir='ltr'>poenalis</span> <span class='ocrx_word' id='word_1_184' title='bbox 526 3200 747 3282; x_wconf 76' lang='lat' dir='ltr'>fundamentum</span> <span class='ocrx_word' id='word_1_185' title='bbox 769 3208 817 3266; x_wconf 89' lang='lat' dir='ltr'>est</span> <span class='ocrx_word' id='word_1_186' title='bbox 827 3203 878 3282; x_wconf 88' lang='lat' dir='ltr'>jus</span> <span class='ocrx_word' id='word_1_187' title='bbox 905 3208 936 3266; x_wconf 87' lang='lat' dir='ltr'>et</span> <span class='ocrx_word' id='word_1_188' title='bbox 953 3204 1095 3268; x_wconf 88' lang='lat' dir='ltr'>offloium</span> <span class='ocrx_word' id='word_1_189' title='bbox 1113 3209 1221 3270; x_wconf 79' lang='lat' dir='ltr'>eusto-</span> 
     </span>
     <span class='ocr_line' id='line_1_28' title="bbox 244 3297 739 3370; baseline 0.01 -12"><span class='ocrx_word' id='word_1_190' title='bbox 244 3297 354 3360; x_wconf 90' lang='lat' dir='ltr'>diendi</span> <span class='ocrx_word' id='word_1_191' title='bbox 369 3299 514 3362; x_wconf 89' lang='lat' dir='ltr'>ordinem</span> <span class='ocrx_word' id='word_1_192' title='bbox 529 3300 562 3362; x_wconf 92' lang='lat' dir='ltr'>in</span> <span class='ocrx_word' id='word_1_193' title='bbox 576 3301 739 3370; x_wconf 81' lang='lat' dir='ltr'>societate.</span> 
     </span>
    </p>
   </div>
   <div class='ocr_carea' id='block_1_10' title="bbox 274 3481 1103 3627">
    <p class='ocr_par' dir='ltr' id='par_1_14' title="bbox 274 3481 1103 3627">
     <span class='ocr_line' id='line_1_29' title="bbox 274 3481 1103 3626; baseline 0.01 -94"><span class='ocrx_word' id='word_1_194' title='bbox 274 3481 450 3626; x_wconf 56' lang='lat' dir='ltr'>{lfflumi&#39;</span> <span class='ocrx_word' id='word_1_195' title='bbox 476 3483 649 3536; x_wconf 77' lang='lat' dir='ltr'>Institutiones</span> <span class='ocrx_word' id='word_1_196' title='bbox 655 3485 729 3550; x_wconf 80' lang='lat' dir='ltr'>juris</span> <span class='ocrx_word' id='word_1_197' title='bbox 739 3482 1013 3549; x_wconf 67' lang='lat' dir='ltr'>publioiveoolesiosls&#39;cr&#39;,</span> <span class='ocrx_word' id='word_1_198' title='bbox 1022 3499 1048 3550; x_wconf 86' lang='lat' dir='ltr'>p.</span> <span class='ocrx_word' id='word_1_199' title='bbox 1062 3490 1103 3540; x_wconf 81' lang='grc'>16.</span> 
     </span>
     <span class='ocr_line' id='line_1_30' title="bbox 288 3563 495 3627; baseline 0.01 -15"><span class='ocrx_word' id='word_1_200' title='bbox 288 3564 300 3612; x_wconf 76' lang='lat'>2</span> <span class='ocrx_word' id='word_1_201' title='bbox 351 3563 362 3612; x_wconf 79' lang='lat' dir='ltr'><strong><em>i</em></strong></span> <span class='ocrx_word' id='word_1_202' title='bbox 381 3599 402 3622; x_wconf 85' lang='lat'>.,</span> <span class='ocrx_word' id='word_1_203' title='bbox 417 3577 441 3627; x_wconf 86' lang='lat' dir='ltr'>p.</span> <span class='ocrx_word' id='word_1_204' title='bbox 459 3567 495 3614; x_wconf 83' lang='lat' dir='ltr'>tl.</span> 
     </span>
    </p>
   </div>
   <div class='ocr_carea' id='block_1_11' title="bbox 0 0 1303 4272">
    <p class='ocr_par' dir='ltr' id='par_1_15' title="bbox 0 0 1303 4272">
     <span class='ocr_line' id='line_1_31' title="bbox 0 0 1303 4272; baseline 0 0"><span class='ocrx_word' id='word_1_205' title='bbox 0 0 1303 4272; x_wconf 95' lang='lat' dir='ltr'> </span> 
     </span>
    </p>
   </div>
  </div>
 </body>
</html>
