2588 4272
224 269 276 316 lto
391 271 548 320 uxeoslrlo
570 273 748 340 nnrflonlca
765 276 849 321 sums
870 271 1027 321 canotum.

219 405 335 467 nempe
344 388 655 470 generalistanquam
663 393 1204 476 regula‚speoialisautemtenquam

219 487 375 564 exceptio
392 487 483 548 Unde
496 489 636 550 axioma:
649 487 939 572 Generiperspeciem
946 490 1114 571 derogamr.

258 583 348 646 Ratio
360 591 421 660 est,
435 591 504 647 tum
518 587 592 665 quia
613 589 776 666 legislator
798 589 859 668 legi
883 589 1023 668 generali
1046 589 1204 667 praeexis-

218 682 297 744 tenti
317 684 448 761 derogat
459 701 517 762 per
538 687 777 747 concessionem
788 687 868 766 Juris
883 687 1102 765 particularis3
1126 691 1204 748 tum

219 781 294 859 quia
315 802 329 838 u
340 782 662 857 RomanusPontilex‚
679 799 753 845 cum
765 785 909 845 locorum
921 783 1111 863 specialium
1121 801 1204 846 con-

218 879 400 940 suetudines
415 880 515 958 possit
529 880 687 958 ignorare,
709 881 797 960 ipsis,
812 881 873 942 nisi
896 882 936 944 de
955 881 995 942 iis
1014 899 1203 961 expressam

218 976 312 1038 saciat
324 977 531 1055 mentionem,
544 995 610 1040 non
625 978 815 1058 intelligitur
827 979 981 1058 derogare
994 979 1047 1060 (l).
1063 1001 1078 1039 o

510 1151 513 1158 ’
614 1191 745 1254 curor
768 1191 796 1252 n

461 1347 634 1398 lothorius
646 1351 830 1408 exponendi
846 1350 948 1415 leges.

201 1507 207 1551 ³
252 1521 319 1577 Am.
339 1521 361 1577 l.
389 1519 537 1576 Methodus
551 1521 582 1576 in
595 1521 700 1577 scholis
714 1521 856 1578 adhibita.

252 1612 318 1666 Aur.
338 1610 371 1666 11.
386 1610 534 1667 hlethudus
547 1610 679 1668 adhibita
695 1610 836 1668 inlibris.

581 1797 800 1870 surruunns
817 1815 831 1870 1

446 1978 628 2020 neruosusne
645 1981 752 2021 senone
765 1979 891 2041 anamma
909 1965 958 2034 (ἲ).

256 2127 279 2187 Ι.
296 2127 357 2187 Pro
369 2125 492 2190 ratione
506 2129 685 2191 studiorum
692 2129 725 2190 in
733 2125 993 2193 Universitatibus
1005 2122 1195 2196 constituta,

215 2241 323 2285 cursus
336 2225 416 2303 juris
431 2227 574 2288 canonici
599 2228 762 2307 perficitur
784 2225 904 2306 duplici
925 2222 1044 2298 labore,
1069 2221 1199 2282 scilieet

215 2323 478 2399 Institutionihus‚
496 2331 527 2388 et
538 2327 752 2388 Decretalium
770 2324 979 2404 expositione.

254 2422 290 2482 In
307 2422 573 2506 institutionibus,
596 2425 752 2486 elementa
768 2423 848 2503 juris
871 2420 983 2500 ordine
1000 2415 1106 2495 logico
1128 2415 1198 2506 dis-

214 2519 410 2581 tribuuntur.
435 2523 612 2584 Canonistae
634 2540 707 2584 vero
736 2520 866 2582 diversis
889 2515 992 2578 modis
1013 2513 1196 2576 Decretales

214 2617 383 2695 explicant,
399 2618 462 2680 sive
476 2621 665 2699 exponendo
680 2619 858 2681 doctrinam
871 2617 951 2696 juris
964 2615 1055 2694 juxta
1080 2628 1196 2673 earum

148 2780 150 2784 ,
213 2716 333 2790 titulos
351 2717 413 2778 sive
426 2719 585 2780 tradendo
598 2718 819 2780 scholasticam
832 2721 936 2780 textus
950 2709 1194 2790 interpretatio-

212 2831 287 2875 nem
301 2814 390 2893 cujus
405 2813 547 2876 indolem
560 2834 691 2878 noscere
702 2817 800 2899 juvat.

186 2983 188 2990 y
252 2911 290 2972 11.
305 2912 393 2974 Sicut
405 2912 587 2992 philosophi
602 2919 633 2975 et
649 2913 787 2993 theologi
799 2913 889 2992 juxta
902 2911 1038 2972 formam
1048 2905 1194 2987 syllogis-

211 3009 310 3070 ticam
323 3015 593 3088 argumentantur,
608 3011 653 3072 ita
671 3008 890 3072 determinatis
915 3003 1115 3086 temporibus
1134 3003 1193 3063 ha·

213 3103 370 3167 bebantur
391 3107 645 3185 exercitationes,
669 3107 783 3188 quihus
798 3103 978 3170 Decretales
1002 3099 1194 3164 scholastica

214 3203 367 3266 methodo
383 3206 635 3284 explanarentur.

244 3360 277 3420 (1)
293 3361 434 3412 Bonilacius
443 3362 509 3422 vm,
522 3365 608 3414 eadem
623 3365 808 3416 constitutione.

244 3443 275 3502 (2)
294 3440 424 3504 Gonzalex,
445 3443 630 3494 Commeatum
645 3447 671 3494 in
689 3445 838 3500 Deereloles,
853 3443 897 3494 lib.
912 3444 932 3494 1.
946 3465 975 3520 ''.'
989 3439 1102 3502 herardi,
1119 3437 1191 3488 Com·

212 3521 338 3569 meritorio
355 3519 379 3568 iu
402 3521 551 3581 Decretoles,
564 3525 688 3575 Praelatio.
704 3553 735 3562 -
744 3525 877 3586 zullingon,
891 3521 1030 3586 appende,
1043 3533 1099 3586 cop.
1111 3531 1145 3568 ru.
1160 3543 1191 3554 -

211 3602 325 3666 Phillips,
337 3602 378 3653 Du
387 3601 457 3653 dunt
470 3602 656 3670 molestatione
667 3607 731 3660 dam
740 3621 780 3656 ces
788 3618 895 3666 sources,
909 3604 981 3666 chap.
994 3616 1022 3654 n.
