2630 4250
482 285 556 332 PARS
578 285 741 332 saltemus.
1047 290 1097 340 17³

121 404 202 468 senti
229 407 432 472 securitatem
457 406 559 470 victus
586 411 729 488 praestet,
752 405 804 469 hio
830 423 905 470 vero
929 407 968 469 ad
994 410 1098 472 solum

117 520 230 566 casum
244 503 465 581 inhabilitatis,
481 505 567 567 velut
586 505 665 566 senii
677 510 731 568 aut
744 507 951 586 aegritudinis,
967 508 1099 570 restrin-
1142 577 1143 580 Ἴ

118 609 220 683 gatur.
247 605 356 683 ltaque
380 605 490 668 titulus
514 621 632 665 mensae
651 604 778 664 nonnisi
799 605 851 684 jus
874 605 1098 668 subsidiarium

117 703 373 782 contentusque
389 703 451 782 legi
466 701 688 766 ecclesiasticae
703 721 832 782 prorsus
847 705 1003 780 convenit,
1025 704 1099 784 quia

117 800 293 882 peripsum
306 801 493 863 mendicitas
503 801 707 864 sacerdotum
719 801 803 864 haud
815 801 889 864 satis
900 819 1008 864 secure
1020 819 1099 882 prae·

117 903 257 961 cavetur.

161 999 193 1062 3.
213 997 248 1058 ln
271 995 370 1060 Gallia
385 1000 416 1060 et
429 996 539 1076 Belgio
553 997 662 1060 clerici
676 1016 740 1060 non
755 998 943 1061 ordinantur
962 999 1002 1060 ad
1025 998 1099 1060 titu·
1137 1065 1139 1071 ,

117 1095 187 1156 lum
202 1094 368 1170 beneficii3
386 1113 460 1157 nam
476 1095 507 1156 in
527 1095 564 1168 iis
583 1095 766 1174 regionibus
781 1096 919 1157 nonalia
932 1097 1097 1174 reperiun-

10 1208 14 1220 ·
117 1198 171 1256 tur
184 1193 339 1256 beneficia
353 1194 414 1259 nisi
425 1195 629 1257 canonicatus
641 1194 843 1274 etparochiae
863 1195 1094 1258 inamovibiles

51 1306 53 1314 ·
118 1293 218 1354 Porro
231 1291 285 1354 illa
304 1293 407 1355 officia
423 1293 602 1372 junioribus
620 1295 744 1356 clericis
766 1295 903 1356 conferri
915 1299 1092 1372 nequeunt.

118 1391 275 1469 Praeterca
288 1391 447 1471 parochia
462 1393 648 1454 amoribiles
670 1410 734 1454 non
751 1393 950 1478 constituunt
967 1392 1097 1454 titulum

118 1489 247 1566 proprie
272 1489 405 1567 dictum,
426 1508 500 1553 cum
515 1490 665 1552 beneficii
689 1490 884 1570 perpetuitas
899 1489 1092 1570 requiratur.

103 1625 108 1640 ·
158 1587 290 1648 Plurimi
304 1588 401 1651 etiam
413 1589 524 1661 clerici
536 1607 600 1650 non
613 1593 746 1668 possunt
765 1587 905 1650 ordinari
918 1604 991 1650 cum
1004 1587 1097 1648 titulo

118 1685 304 1765 patrimonii
320 1688 369 1748 vel
391 1687 574 1766 pensionis,
586 1685 745 1766 siquidem
760 1686 853 1766 pauci
867 1685 1096 1766 patrimonium

119 1783 277 1844 sufficiens
298 1785 476 1864 possident.
503 1785 624 1846 Exinde
652 1784 783 1846 invaluit
807 1785 1005 1846 consuetudo
1026 1783 1097 1845 illos

119 1881 289 1947 ordinandi
315 1883 382 1946 sine
409 1883 503 1946 titulo
527 1881 692 1948 canonico.
721 1882 860 1944 Dubium
887 1886 944 1958 est,
972 1899 1011 1944 an
1036 1882 1095 1948 hu·
1131 1889 1133 1893 ’

115 1980 258 2059 jusmodi
273 1982 470 2044 consuetudo
485 1981 526 2043 sit
538 1981 682 2062 legitima
703 1980 770 2043 sine
789 1980 953 2060 pontificia
968 1980 1096 2060 dispen-

116 2077 249 2142 satione.
360 2154 362 2158 ,
951 2077 953 2081 ’

155 2181 277 2260 ltaque,
298 2177 381 2240 siout
401 2177 435 2240 in
458 2179 627 2240 Germania
651 2181 818 2240 excusatur
840 2177 992 2246 admissio
1009 2175 1094 2240 tituli

115 2293 247 2354 mensa,
263 2275 338 2356 quia
347 2275 487 2356 promoti
498 2293 571 2355 cum
585 2276 641 2338 illo
656 2276 762 2337 statim
773 2280 847 2354 post
860 2273 1093 2338 ordinationem

78 2392 81 2398 ’
115 2377 309 2456 deputantur
324 2375 363 2435 ad
379 2379 465 2436 carta
484 2373 610 2435 servitia
624 2373 889 2434 sustentationem
907 2371 1092 2451 praebentia,

114 2473 414 2545 maternianus,
431 2472 572 2552 qnandiu
588 2471 710 2534 habiles
726 2477 811 2548 sunt,
829 2473 867 2532 ad
881 2472 1008 2534 titulum
1030 2489 1096 2532 ser·
1139 2510 1145 2520 ·

112 2572 183 2634 vitii
207 2571 415 2634 ecclesiarum
435 2569 573 2632 ordinati
593 2587 661 2632 esse
679 2569 836 2632 videntur.
864 2569 978 2630 ltlerito
999 2569 1096 2646 igitur

111 2669 302 2752 presbyteri,
317 2671 396 2732 citra
410 2671 537 2748 culpam
552 2668 706 2730 inhabiles
721 2667 836 2741 effecti,
855 2671 886 2728 et
898 2666 1024 2727 aliunde
1039 2665 1098 2726 ali·

111 2773 226 2830 menta
250 2785 318 2830 non
341 2767 509 2842 hahentes,
539 2767 578 2832 ad
604 2765 918 2830 commendationem
945 2761 1094 2846 Episcopi

112 2867 304 2948 pensionem
316 2865 507 2948 percipiunt.

466 3097 686 3154 Alimentus
703 3099 748 3155 lll

399 3267 509 3308 REGULAE
526 3267 609 3308 ustos
624 3267 819 3310 castrianorum.

151 3445 227 3507 Istae
242 3443 361 3523 regula
373 3443 549 3524 respiciunt
562 3446 641 3506 tum'
651 3441 902 3506 ordinandorum
915 3445 1096 3525 proximam

106 3543 384 3624 praeparationem
398 3547 430 3605 et
444 3541 606 3620 scrutinia,
618 3546 687 3604 tum
702 3541 910 3604 ordinationis
924 3551 1051 3624 tempus
1063 3550 1096 3607 et

106 3644 235 3706 locum.

927 3748 974 3796 so.
