2588 4272
447 168 519 214 PARS
540 167 721 218 dannanus,
1035 164 1069 212 88

139 287 254 348 lterum
265 287 317 365 jus
332 286 371 347 ab
383 285 475 348 initio
492 288 736 364 derogatorum,
757 287 804 349 vel
820 301 1008 348 concessum
1023 289 1071 348 est

104 399 155 462 per
167 383 304 462 simplex
316 383 524 462 privilegium,
539 385 587 446 vel
601 402 658 463 per
671 383 908 446 concordatum.

139 481 282 558 Denique
295 479 494 559 privilegium
510 482 717 560 exemptionis
730 482 949 542 introductum
962 485 1009 542 est
1021 480 1070 540 vel

105 595 245 656 expresso
255 578 433 656 Superioris
446 596 612 651 consensu,
625 579 673 640 vel
685 579 914 642 consuetudine
924 596 981 657 per
996 577 1071 640 taci-

104 681 166 738 tum
181 675 268 738 illius
284 693 473 738 consensum
486 677 618 740 firmata.

231 865 264 915 il.
281 889 309 903 -
320 865 490 927 Dependentia
498 865 564 929 juris
573 865 707 916 nationalis
719 879 779 928 erga
789 866 817 918 S.
831 867 932 917 sedem.
1020 885 1029 898 ¹

133 1013 161 1066 l⁰
173 1012 219 1066 An
233 1012 405 1068 auctoritate
419 1013 453 1068 R.
468 1013 614 1070 Pontificis
625 1015 746 1070 nitatur.

133 1103 161 1155 2⁰
174 1105 220 1156 Au
235 1100 372 1158 Summus
386 1100 516 1158 Pontifex
530 1101 604 1160 illud
618 1103 732 1182 irritare
743 1103 855 1176 possitt

242 1303 244 1309 ⁸
311 1293 337 1342 1⁰
348 1296 386 1344 Au
399 1295 549 1346 auctoritate
560 1297 590 1346 R.
605 1295 733 1346 Pontificio
742 1296 859 1346 nitatur-'l

136 1452 236 1512 Omne
244 1453 296 1531 jus
309 1453 674 1529 canonicumnationale‚
688 1459 724 1516 ut
734 1455 775 1515 sit
789 1453 978 1532 legitimum,
995 1469 1071 1514 auc-

101 1549 223 1610 toritate
238 1552 274 1612 R.
295 1551 457 1613 Pontificis
475 1553 629 1614 innititur.
654 1552 781 1612 Etenim
801 1551 851 1630 jus
873 1548 1068 1628 hujusmodi,

102 1663 169 1708 cnm
188 1647 230 1708 sit
251 1645 413 1728 derogatio
433 1650 498 1729 juri
521 1649 685 1712 communi
702 1649 795 1721 lacta,
820 1646 937 1706 firmari
960 1647 1070 1724 nequit

101 1743 153 1802 nisi
168 1746 358 1806 auctoritate
367 1749 491 1808 Sanctae
505 1747 606 1810 Sedis.
623 1745 773 1826 Alioquin
788 1749 977 1806 statueretur
991 1744 1039 1804 vel
1052 1760 1070 1804 a

101 1847 250 1917 potestate
264 1843 360 1917 civili,
375 1845 424 1905 vel
443 1844 482 1906 ab
497 1845 558 1905 alia
575 1849 730 1932 potestate
745 1842 969 1918 ecclesiastica,
991 1840 1071 1904 vela
1101 1859 1104 1865 ·

100 1939 336 2002 consuetudine.
354 1942 450 2020 Atqui
462 1947 611 2004 neutrum
624 1942 687 2002 dici
703 1945 821 2021 potest.

134 2035 238 2096 Praino
250 2037 433 2114 hypothesis
443 2039 595 2118 rejicitur,
609 2056 684 2099 nam
693 2039 732 2099 ad
743 2042 933 2118 potestatem
943 2037 1069 2100 civilem

98 2149 157 2192 non
169 2139 294 2212 spectat
314 2136 398 2214 leges
415 2135 642 2199 ecclesiasticas
655 2137 804 2212 condere,
820 2137 869 2198 vel
887 2135 927 2196 ab
942 2135 987 2196 eis
1001 2135 1068 2196 exi·

99 2247 192 2292 mere.

133 2329 238 2390 Altera
252 2329 312 2391 sibi
333 2332 533 2408 contradicit,
552 2337 707 2412 quatenns
718 2332 797 2412 Juris
810 2331 977 2394 nationalis
994 2332 1064 2393 fun-

98 2427 279 2488 damentum
293 2428 383 2506 ponit
408 2429 441 2490 in
454 2430 514 2490 alia
528 2435 683 2510 potestate
702 2429 858 2508 spirituali
878 2434 995 2507 praeter
1010 2431 1068 2492 Sc-

97 2525 399 2603 demApostolicam.
412 2527 474 2588 Ista
486 2527 720 2606 enimpotestas
734 2531 817 2588 esset
831 2527 879 2586 vel
894 2526 1068 2588 concilium

96 2622 295 2698 particulare,
310 2622 374 2684 sive
388 2624 558 2700 nationale,
571 2625 634 2686 sive
648 2623 859 2704 provinciale3
874 2614 1068 2700 vcl'dignitas

95 2719 322 2797 patriarchalis,
343 2721 541 2799 primatialis,
558 2721 821 2799 metropolitana;
838 2722 886 2781 vel
897 2719 1067 2780 auctoritas

96 2816 290 2894 singulorum
302 2817 544 2898 Episcoporum.
565 2819 661 2898 Atqui
679 2819 767 2879 nulla
782 2835 819 2878 ex
834 2817 883 2878 his
901 2817 1068 2895 potestati-

95 2912 151 2974 hus
166 2914 343 2992 legitimam
355 2916 417 2996 juri
431 2917 593 2984 communi
607 2917 847 2996 derogationem
862 2920 999 2976 statuere
1016 2932 1069 2976 va-

95 3013 148 3074 let.
157 3044 197 3058 -
209 3013 244 3072 ld
254 3029 346 3091 agere
357 3015 467 3093 nequit
477 3015 648 3076 concilium
659 3015 816 3092 generale,
830 3014 917 3092 cujus
928 3012 1065 3087 decreta,

95 3114 128 3170 ut
142 3110 277 3185 vigeant,
296 3117 388 3189 egent
401 3113 640 3174 confirmatione
656 3113 687 3174 S.
702 3111 803 3172 Sedis
818 3143 856 3154 -
872 3111 980 3188 Neque
995 3127 1069 3172 con-

95 3206 204 3267 cilium
216 3207 390 3282 nationale3
412 3227 486 3270 nam
504 3210 589 3270 istud
605 3209 776 3270 concilium
792 3206 991 3296 particulare,
1008 3225 1068 3268 ne-

95 3305 170 3364 dum
186 3305 287 3382 possit
304 3305 387 3384 leges
401 3309 591 3370 universales
613 3312 746 3382 mutare,
764 3307 868 3384 ipsum
883 3305 931 3366 his
946 3305 1066 3383 legibus

94 3401 223 3463 obedire
234 3401 374 3481 jubetur.
391 3406 480 3466 idem
496 3405 666 3468 dicendum
679 3409 726 3466 est
744 3421 762 3466 a
775 3404 897 3466 fortiori
913 3405 952 3465 de
965 3405 1068 3466 conci-

93 3499 136 3560 lio
153 3499 353 3576 provinciali.
373 3534 412 3550 -
423 3505 531 3583 Neque
545 3501 747 3580 Patriarchae,
769 3503 922 3564 Primates
937 3507 989 3563 aut
1000 3501 1067 3571 Me'-¹
