<?xml version="1.0" encoding="UTF-8"?>
<!DOCTYPE html PUBLIC "-//W3C//DTD XHTML 1.0 Transitional//EN"
    "http://www.w3.org/TR/xhtml1/DTD/xhtml1-transitional.dtd">
<html xmlns="http://www.w3.org/1999/xhtml" xml:lang="en" lang="en">
 <head>
  <title>
</title>
<meta http-equiv="Content-Type" content="text/html;charset=utf-8" />
  <meta name='ocr-system' content='tesseract 3.04.00' />
  <meta name='ocr-capabilities' content='ocr_page ocr_carea ocr_par ocr_line ocrx_word'/>
</head>
<body>
  <div class='ocr_page' id='page_1' title='image "./expositiomethod00hugugoog_0062.png"; bbox 0 0 2604 4270; ppageno 0'>
   <div class='ocr_carea' id='block_1_1' title="bbox 470 296 1067 345">
    <p class='ocr_par' dir='ltr' id='par_1_1' title="bbox 470 296 1067 345">
     <span class='ocr_line' id='line_1_1' title="bbox 470 296 1067 345; baseline 0.007 -4"><span class='ocrx_word' id='word_1_1' title='bbox 470 296 694 344; x_wconf 61' lang='lat' dir='ltr'>annonarias·</span> <span class='ocrx_word' id='word_1_2' title='bbox 1034 299 1067 345; x_wconf 74' lang='grc' dir='ltr'><strong>Η</strong></span> 
     </span>
    </p>
   </div>
   <div class='ocr_carea' id='block_1_2' title="bbox 52 415 1071 1182">
    <p class='ocr_par' dir='ltr' id='par_1_2' title="bbox 52 415 1071 1182">
     <span class='ocr_line' id='line_1_2' title="bbox 75 415 1071 508; baseline -0.002 -30"><span class='ocrx_word' id='word_1_3' title='bbox 75 501 76 508; x_wconf 11' lang='lat'>¹</span> <span class='ocrx_word' id='word_1_4' title='bbox 104 416 233 496; x_wconf 84' lang='lat' dir='ltr'>genuina</span> <span class='ocrx_word' id='word_1_5' title='bbox 250 415 479 494; x_wconf 75' lang='lat' dir='ltr'>interpretatio.</span> <span class='ocrx_word' id='word_1_6' title='bbox 491 416 612 479; x_wconf 88' lang='lat' dir='ltr'>Indicia</span> <span class='ocrx_word' id='word_1_7' title='bbox 626 421 700 478; x_wconf 90' lang='lat' dir='ltr'>sunt</span> <span class='ocrx_word' id='word_1_8' title='bbox 710 417 759 479; x_wconf 83' lang='lat' dir='ltr'>val</span> <span class='ocrx_word' id='word_1_9' title='bbox 772 417 943 480; x_wconf 89' lang='lat' dir='ltr'>intrinseca</span> <span class='ocrx_word' id='word_1_10' title='bbox 955 417 1003 480; x_wconf 86' lang='lat' dir='ltr'>vel</span> <span class='ocrx_word' id='word_1_11' title='bbox 1016 433 1071 478; x_wconf 83' lang='lat' dir='ltr'>ex·</span> 
     </span>
     <span class='ocr_line' id='line_1_3' title="bbox 105 517 426 590; baseline -0.003 -13"><span class='ocrx_word' id='word_1_12' title='bbox 105 517 242 577; x_wconf 84' lang='lat' dir='ltr'>trinseca.</span> <span class='ocrx_word' id='word_1_13' title='bbox 421 577 426 590; x_wconf 71' lang='grc'>,</span> 
     </span>
     <span class='ocr_line' id='line_1_4' title="bbox 137 610 1067 691; baseline -0.002 -18"><span class='ocrx_word' id='word_1_14' title='bbox 137 617 165 673; x_wconf 75' lang='lat'>2.</span> <span class='ocrx_word' id='word_1_15' title='bbox 187 612 323 691; x_wconf 80' lang='lat' dir='ltr'>Regulos</span> <span class='ocrx_word' id='word_1_16' title='bbox 347 610 529 690; x_wconf 87' lang='lat' dir='ltr'>suppeditat</span> <span class='ocrx_word' id='word_1_17' title='bbox 547 613 587 674; x_wconf 92' lang='lat' dir='ltr'>de</span> <span class='ocrx_word' id='word_1_18' title='bbox 612 611 675 673; x_wconf 89' lang='lat' dir='ltr'>fide</span> <span class='ocrx_word' id='word_1_19' title='bbox 693 610 874 673; x_wconf 89' lang='lat' dir='ltr'>adhihenda</span> <span class='ocrx_word' id='word_1_20' title='bbox 895 610 1067 672; x_wconf 84' lang='lat' dir='ltr'><strong>narrationi</strong></span> 
     </span>
     <span class='ocr_line' id='line_1_5' title="bbox 104 714 268 772; baseline 0 0"><span class='ocrx_word' id='word_1_21' title='bbox 104 714 268 772; x_wconf 87' lang='lat' dir='ltr'>auctorum.</span> 
     </span>
     <span class='ocr_line' id='line_1_6' title="bbox 104 807 1068 881; baseline -0.001 -13"><span class='ocrx_word' id='word_1_22' title='bbox 104 809 106 814; x_wconf 84' lang='lat'>&#39;</span> <span class='ocrx_word' id='word_1_23' title='bbox 138 809 164 868; x_wconf 88' lang='lat'>3.</span> <span class='ocrx_word' id='word_1_24' title='bbox 186 809 234 868; x_wconf 90' lang='lat' dir='ltr'>Ad</span> <span class='ocrx_word' id='word_1_25' title='bbox 251 824 388 872; x_wconf 88' lang='lat' dir='ltr'>canones</span> <span class='ocrx_word' id='word_1_26' title='bbox 407 811 495 870; x_wconf 86' lang='lat' dir='ltr'>recto</span> <span class='ocrx_word' id='word_1_27' title='bbox 516 826 575 869; x_wconf 94' lang='lat' dir='ltr'>usu</span> <span class='ocrx_word' id='word_1_28' title='bbox 593 807 732 870; x_wconf 84' lang='lat' dir='ltr'>historiae</span> <span class='ocrx_word' id='word_1_29' title='bbox 750 808 964 881; x_wconf 66' lang='lat' dir='ltr'>illustrandos</span> <span class='ocrx_word' id='word_1_30' title='bbox 985 807 1068 869; x_wconf 86' lang='lat' dir='ltr'>inter</span> 
     </span>
     <span class='ocr_line' id='line_1_7' title="bbox 100 903 1067 985; baseline -0.001 -20"><span class='ocrx_word' id='word_1_31' title='bbox 100 905 163 983; x_wconf 91' lang='lat' dir='ltr'>jura</span> <span class='ocrx_word' id='word_1_32' title='bbox 175 909 206 966; x_wconf 90' lang='lat' dir='ltr'>et</span> <span class='ocrx_word' id='word_1_33' title='bbox 218 905 301 966; x_wconf 87' lang='lat' dir='ltr'>iacta</span> <span class='ocrx_word' id='word_1_34' title='bbox 318 904 502 985; x_wconf 80' lang='lat' dir='ltr'>distinguit3</span> <span class='ocrx_word' id='word_1_35' title='bbox 518 904 557 966; x_wconf 91' lang='lat' dir='ltr'>ab</span> <span class='ocrx_word' id='word_1_36' title='bbox 573 906 724 968; x_wconf 86' lang='lat' dir='ltr'>exercitio</span> <span class='ocrx_word' id='word_1_37' title='bbox 739 905 819 984; x_wconf 86' lang='lat' dir='ltr'>juris</span> <span class='ocrx_word' id='word_1_38' title='bbox 848 903 1001 968; x_wconf 83' lang='lat' dir='ltr'>discernit</span> <span class='ocrx_word' id='word_1_39' title='bbox 1023 905 1067 964; x_wconf 81' lang='lat' dir='ltr'>ia·</span> 
     </span>
     <span class='ocr_line' id='line_1_8' title="bbox 52 999 1066 1083; baseline -0.003 -18"><span class='ocrx_word' id='word_1_40' title='bbox 52 1006 55 1016; x_wconf 89' lang='lat'>&#39;</span> <span class='ocrx_word' id='word_1_41' title='bbox 103 1009 180 1065; x_wconf 87' lang='lat' dir='ltr'>otum</span> <span class='ocrx_word' id='word_1_42' title='bbox 189 1002 319 1081; x_wconf 87' lang='lat' dir='ltr'>publico</span> <span class='ocrx_word' id='word_1_43' title='bbox 327 1003 477 1065; x_wconf 79' lang='lat' dir='ltr'>Ecclesiae</span> <span class='ocrx_word' id='word_1_44' title='bbox 486 1003 849 1083; x_wconf 89' lang='lat' dir='ltr'>judicioimprobatum;</span> <span class='ocrx_word' id='word_1_45' title='bbox 864 999 1066 1078; x_wconf 85' lang='lat' dir='ltr'>disciplinam</span> 
     </span>
     <span class='ocr_line' id='line_1_9' title="bbox 102 1099 829 1182; baseline 0.001 -21"><span class='ocrx_word' id='word_1_46' title='bbox 102 1101 253 1180; x_wconf 88' lang='lat' dir='ltr'>antiquam</span> <span class='ocrx_word' id='word_1_47' title='bbox 266 1101 335 1162; x_wconf 92' lang='lat' dir='ltr'>sine</span> <span class='ocrx_word' id='word_1_48' title='bbox 348 1101 533 1164; x_wconf 80' lang='lat' dir='ltr'>discrimine</span> <span class='ocrx_word' id='word_1_49' title='bbox 545 1121 609 1164; x_wconf 95' lang='lat' dir='ltr'>non</span> <span class='ocrx_word' id='word_1_50' title='bbox 625 1102 762 1182; x_wconf 87' lang='lat' dir='ltr'>applicat</span> <span class='ocrx_word' id='word_1_51' title='bbox 776 1099 829 1181; x_wconf 85' lang='lat' dir='ltr'>(i).</span> 
     </span>
    </p>
   </div>
   <div class='ocr_carea' id='block_1_3' title="bbox 346 1285 814 1350">
    <p class='ocr_par' dir='ltr' id='par_1_3' title="bbox 346 1285 814 1350">
     <span class='ocr_line' id='line_1_10' title="bbox 346 1285 814 1350; baseline 0.015 -15"><span class='ocrx_word' id='word_1_52' title='bbox 346 1287 361 1350; x_wconf 66' lang='grc' dir='ltr'><strong>ς</strong></span> <span class='ocrx_word' id='word_1_53' title='bbox 378 1285 402 1336; x_wconf 79' lang='lat'>5.</span> <span class='ocrx_word' id='word_1_54' title='bbox 418 1312 448 1323; x_wconf 93' lang='lat'><em>-</em></span> <span class='ocrx_word' id='word_1_55' title='bbox 464 1286 581 1339; x_wconf 80' lang='lat' dir='ltr'>Partitis</span> <span class='ocrx_word' id='word_1_56' title='bbox 593 1287 814 1342; x_wconf 80' lang='lat' dir='ltr'>Institutionum.</span> 
     </span>
    </p>
   </div>
   <div class='ocr_carea' id='block_1_4' title="bbox 130 1397 825 1602">
    <p class='ocr_par' dir='ltr' id='par_1_4' title="bbox 130 1397 825 1602">
     <span class='ocr_line' id='line_1_11' title="bbox 131 1397 732 1511; baseline 0.008 -20"><span class='ocrx_word' id='word_1_57' title='bbox 131 1438 150 1490; x_wconf 87' lang='lat' dir='ltr'>i.</span> <span class='ocrx_word' id='word_1_58' title='bbox 162 1435 295 1492; x_wconf 81' lang='lat' dir='ltr'>Sciantiae</span> <span class='ocrx_word' id='word_1_59' title='bbox 308 1452 375 1508; x_wconf 85' lang='lat' dir='ltr'>pars</span> <span class='ocrx_word' id='word_1_60' title='bbox 388 1438 531 1508; x_wconf 77' lang='lat' dir='ltr'>generalis</span> <span class='ocrx_word' id='word_1_61' title='bbox 546 1442 575 1496; x_wconf 90' lang='lat' dir='ltr'>et</span> <span class='ocrx_word' id='word_1_62' title='bbox 586 1397 732 1511; x_wconf 78' lang='lat' dir='ltr'>specialis.</span> 
     </span>
     <span class='ocr_line' id='line_1_12' title="bbox 130 1525 825 1602; baseline 0.01 -22"><span class='ocrx_word' id='word_1_63' title='bbox 130 1525 247 1583; x_wconf 79' lang='lat' dir='ltr'>lituris</span> <span class='ocrx_word' id='word_1_64' title='bbox 261 1527 395 1584; x_wconf 89' lang='lat' dir='ltr'>canonici</span> <span class='ocrx_word' id='word_1_65' title='bbox 404 1543 471 1600; x_wconf 86' lang='lat' dir='ltr'>pars</span> <span class='ocrx_word' id='word_1_66' title='bbox 484 1529 627 1598; x_wconf 82' lang='lat' dir='ltr'>generalis</span> <span class='ocrx_word' id='word_1_67' title='bbox 641 1535 671 1586; x_wconf 90' lang='lat' dir='ltr'>et</span> <span class='ocrx_word' id='word_1_68' title='bbox 682 1529 825 1602; x_wconf 79' lang='lat' dir='ltr'>specialis.</span> 
     </span>
    </p>
   </div>
   <div class='ocr_carea' id='block_1_5' title="bbox 287 1704 871 1770">
    <p class='ocr_par' dir='ltr' id='par_1_5' title="bbox 287 1704 871 1770">
     <span class='ocr_line' id='line_1_13' title="bbox 287 1704 871 1770; baseline 0.009 -16"><span class='ocrx_word' id='word_1_69' title='bbox 287 1706 308 1754; x_wconf 87' lang='lat'>1.</span> <span class='ocrx_word' id='word_1_70' title='bbox 321 1731 350 1742; x_wconf 92' lang='lat'>-</span> <span class='ocrx_word' id='word_1_71' title='bbox 364 1704 480 1756; x_wconf 83' lang='lat' dir='ltr'>Scientiae</span> <span class='ocrx_word' id='word_1_72' title='bbox 497 1718 556 1768; x_wconf 87' lang='lat' dir='ltr'>pars</span> <span class='ocrx_word' id='word_1_73' title='bbox 569 1705 692 1768; x_wconf 76' lang='lat' dir='ltr'>generalis</span> <span class='ocrx_word' id='word_1_74' title='bbox 705 1713 731 1758; x_wconf 84' lang='lat' dir='ltr'>et</span> <span class='ocrx_word' id='word_1_75' title='bbox 745 1706 871 1770; x_wconf 80' lang='lat' dir='ltr'>specialis.</span> 
     </span>
    </p>
   </div>
   <div class='ocr_carea' id='block_1_6' title="bbox 95 1855 1064 2522">
    <p class='ocr_par' dir='ltr' id='par_1_6' title="bbox 95 1855 1064 2522">
     <span class='ocr_line' id='line_1_14' title="bbox 95 1855 1064 1934; baseline 0.004 -21"><span class='ocrx_word' id='word_1_76' title='bbox 95 1903 96 1906; x_wconf 63' lang='lat'>,</span> <span class='ocrx_word' id='word_1_77' title='bbox 133 1855 259 1917; x_wconf 86' lang='lat' dir='ltr'>Partitio</span> <span class='ocrx_word' id='word_1_78' title='bbox 275 1857 292 1918; x_wconf 88' lang='lat' dir='ltr'>J</span> <span class='ocrx_word' id='word_1_79' title='bbox 295 1857 359 1917; x_wconf 92' lang='lat' dir='ltr'>uris</span> <span class='ocrx_word' id='word_1_80' title='bbox 374 1856 518 1918; x_wconf 85' lang='lat' dir='ltr'>canonici</span> <span class='ocrx_word' id='word_1_81' title='bbox 531 1856 703 1934; x_wconf 83' lang='lat' dir='ltr'>respondet</span> <span class='ocrx_word' id='word_1_82' title='bbox 716 1856 861 1919; x_wconf 89' lang='lat' dir='ltr'>divisioni</span> <span class='ocrx_word' id='word_1_83' title='bbox 875 1860 1064 1919; x_wconf 85' lang='lat' dir='ltr'>oaetararum</span> 
     </span>
     <span class='ocr_line' id='line_1_15' title="bbox 99 1949 1064 2016; baseline 0.004 -7"><span class='ocrx_word' id='word_1_84' title='bbox 99 1949 302 2016; x_wconf 88' lang='lat' dir='ltr'>scientiarum.</span> <span class='ocrx_word' id='word_1_85' title='bbox 328 1955 465 2016; x_wconf 87' lang='lat' dir='ltr'>Proinde</span> <span class='ocrx_word' id='word_1_86' title='bbox 488 1954 527 2015; x_wconf 93' lang='lat' dir='ltr'>ad</span> <span class='ocrx_word' id='word_1_87' title='bbox 551 1954 656 2016; x_wconf 86' lang='lat' dir='ltr'>studia</span> <span class='ocrx_word' id='word_1_88' title='bbox 681 1955 838 2016; x_wconf 88' lang='lat' dir='ltr'>canonica</span> <span class='ocrx_word' id='word_1_89' title='bbox 863 1960 950 2016; x_wconf 88' lang='lat' dir='ltr'>recte</span> <span class='ocrx_word' id='word_1_90' title='bbox 973 1953 1064 2015; x_wconf 92' lang='lat' dir='ltr'>insti-</span> 
     </span>
     <span class='ocr_line' id='line_1_16' title="bbox 98 2051 963 2131; baseline 0.006 -23"><span class='ocrx_word' id='word_1_91' title='bbox 98 2051 211 2126; x_wconf 90' lang='lat' dir='ltr'>tuenda,</span> <span class='ocrx_word' id='word_1_92' title='bbox 225 2053 434 2130; x_wconf 88' lang='lat' dir='ltr'>praemittitur</span> <span class='ocrx_word' id='word_1_93' title='bbox 449 2052 606 2114; x_wconf 88' lang='lat' dir='ltr'>ordinatio</span> <span class='ocrx_word' id='word_1_94' title='bbox 622 2053 791 2131; x_wconf 88' lang='lat' dir='ltr'>cujuslibet</span> <span class='ocrx_word' id='word_1_95' title='bbox 811 2051 963 2114; x_wconf 83' lang='lat' dir='ltr'>scientiae.</span> 
     </span>
     <span class='ocr_line' id='line_1_17' title="bbox 131 2147 1064 2228; baseline 0 -20"><span class='ocrx_word' id='word_1_96' title='bbox 131 2147 276 2210; x_wconf 88' lang='lat' dir='ltr'>Jamvero</span> <span class='ocrx_word' id='word_1_97' title='bbox 296 2149 329 2210; x_wconf 96' lang='lat' dir='ltr'>in</span> <span class='ocrx_word' id='word_1_98' title='bbox 347 2151 433 2211; x_wconf 93' lang='lat' dir='ltr'>omni</span> <span class='ocrx_word' id='word_1_99' title='bbox 447 2149 588 2224; x_wconf 87' lang='lat' dir='ltr'>scientia,</span> <span class='ocrx_word' id='word_1_100' title='bbox 603 2166 641 2211; x_wconf 82' lang='lat' dir='ltr'>ex</span> <span class='ocrx_word' id='word_1_101' title='bbox 655 2149 820 2228; x_wconf 86' lang='lat' dir='ltr'>principiis</span> <span class='ocrx_word' id='word_1_102' title='bbox 833 2148 1019 2227; x_wconf 87' lang='lat' dir='ltr'>proceditur</span> <span class='ocrx_word' id='word_1_103' title='bbox 1030 2149 1064 2208; x_wconf 94' lang='lat' dir='ltr'>in</span> 
     </span>
     <span class='ocr_line' id='line_1_18' title="bbox 98 2243 1064 2327; baseline 0.003 -22"><span class='ocrx_word' id='word_1_104' title='bbox 98 2243 247 2323; x_wconf 86' lang='lat' dir='ltr'>objectum</span> <span class='ocrx_word' id='word_1_105' title='bbox 266 2246 319 2327; x_wconf 79' lang='lat'>(2).</span> <span class='ocrx_word' id='word_1_106' title='bbox 340 2249 431 2313; x_wconf 88' lang='lat' dir='ltr'>Unde</span> <span class='ocrx_word' id='word_1_107' title='bbox 448 2247 663 2311; x_wconf 89' lang='lat' dir='ltr'>Institutiones</span> <span class='ocrx_word' id='word_1_108' title='bbox 681 2249 876 2310; x_wconf 88' lang='lat' dir='ltr'>definiuntur</span> <span class='ocrx_word' id='word_1_109' title='bbox 893 2247 1064 2309; x_wconf 81' lang='lat' dir='ltr'>:tractatio</span> 
     </span>
     <span class='ocr_line' id='line_1_19' title="bbox 98 2342 1062 2428; baseline 0.007 -29"><span class='ocrx_word' id='word_1_110' title='bbox 98 2342 263 2406; x_wconf 87' lang='lat' dir='ltr'>scientifica</span> <span class='ocrx_word' id='word_1_111' title='bbox 276 2347 315 2406; x_wconf 91' lang='lat' dir='ltr'>de</span> <span class='ocrx_word' id='word_1_112' title='bbox 323 2348 489 2428; x_wconf 84' lang='lat' dir='ltr'>principiis</span> <span class='ocrx_word' id='word_1_113' title='bbox 500 2354 531 2410; x_wconf 87' lang='lat' dir='ltr'>at</span> <span class='ocrx_word' id='word_1_114' title='bbox 541 2348 668 2427; x_wconf 87' lang='lat' dir='ltr'>objecto</span> <span class='ocrx_word' id='word_1_115' title='bbox 681 2347 846 2428; x_wconf 89' lang='lat' dir='ltr'>cujusdam</span> <span class='ocrx_word' id='word_1_116' title='bbox 856 2345 997 2406; x_wconf 78' lang='lat' dir='ltr'>scientiae</span> <span class='ocrx_word' id='word_1_117' title='bbox 1011 2344 1062 2424; x_wconf 81' lang='lat'>(3).</span> 
     </span>
     <span class='ocr_line' id='line_1_20' title="bbox 131 2441 1063 2522; baseline 0.003 -22"><span class='ocrx_word' id='word_1_118' title='bbox 131 2441 225 2518; x_wconf 86' lang='lat' dir='ltr'>Igitur</span> <span class='ocrx_word' id='word_1_119' title='bbox 244 2445 399 2520; x_wconf 85' lang='lat' dir='ltr'>quaelihet</span> <span class='ocrx_word' id='word_1_120' title='bbox 408 2446 540 2508; x_wconf 84' lang='lat' dir='ltr'>scientia</span> <span class='ocrx_word' id='word_1_121' title='bbox 551 2445 702 2508; x_wconf 86' lang='lat' dir='ltr'>dividitur</span> <span class='ocrx_word' id='word_1_122' title='bbox 709 2443 911 2522; x_wconf 88' lang='lat' dir='ltr'>induplioem</span> <span class='ocrx_word' id='word_1_123' title='bbox 921 2447 1043 2521; x_wconf 88' lang='lat' dir='ltr'>partem</span> <span class='ocrx_word' id='word_1_124' title='bbox 1056 2461 1063 2503; x_wconf 92' lang='lat'>:</span> 
     </span>
    </p>
   </div>
   <div class='ocr_carea' id='block_1_7' title="bbox 92 2543 1179 2625">
    <p class='ocr_par' dir='ltr' id='par_1_7' title="bbox 92 2543 1179 2625">
     <span class='ocr_line' id='line_1_21' title="bbox 92 2543 1179 2625; baseline 0.003 -28"><span class='ocrx_word' id='word_1_125' title='bbox 92 2555 157 2616; x_wconf 76' lang='lat' dir='ltr'>pore</span> <span class='ocrx_word' id='word_1_126' title='bbox 177 2543 460 2619; x_wconf 69' lang='lat' dir='ltr'>penerelztdicitur</span> <span class='ocrx_word' id='word_1_127' title='bbox 480 2544 635 2622; x_wconf 86' lang='lat' dir='ltr'>expositio</span> <span class='ocrx_word' id='word_1_128' title='bbox 654 2543 898 2622; x_wconf 89' lang='lat' dir='ltr'>principiorum,</span> <span class='ocrx_word' id='word_1_129' title='bbox 924 2555 1062 2618; x_wconf 90' lang='lat' dir='ltr'>quorum</span> <span class='ocrx_word' id='word_1_130' title='bbox 1173 2611 1179 2625; x_wconf 30' lang='grc' dir='ltr'>ι</span> 
     </span>
    </p>
   </div>
   <div class='ocr_carea' id='block_1_8' title="bbox 94 2637 1064 3307">
    <p class='ocr_par' dir='ltr' id='par_1_8' title="bbox 96 2637 1064 2814">
     <span class='ocr_line' id='line_1_22' title="bbox 97 2637 1064 2722; baseline 0.002 -26"><span class='ocrx_word' id='word_1_131' title='bbox 97 2649 148 2710; x_wconf 87' lang='lat' dir='ltr'>ope</span> <span class='ocrx_word' id='word_1_132' title='bbox 161 2637 325 2717; x_wconf 86' lang='lat' dir='ltr'>objectum</span> <span class='ocrx_word' id='word_1_133' title='bbox 337 2641 522 2716; x_wconf 89' lang='lat' dir='ltr'>innotescit;</span> <span class='ocrx_word' id='word_1_134' title='bbox 538 2640 749 2722; x_wconf 80' lang='lat' dir='ltr'>porsspaciolis</span> <span class='ocrx_word' id='word_1_135' title='bbox 758 2639 940 2720; x_wconf 84' lang='lat' dir='ltr'>aggreditur</span> <span class='ocrx_word' id='word_1_136' title='bbox 953 2637 1064 2700; x_wconf 89' lang='lat' dir='ltr'>verita·</span> 
     </span>
     <span class='ocr_line' id='line_1_23' title="bbox 96 2726 821 2814; baseline 0.012 -23"><span class='ocrx_word' id='word_1_137' title='bbox 96 2735 136 2793; x_wconf 89' lang='lat' dir='ltr'>tes</span> <span class='ocrx_word' id='word_1_138' title='bbox 146 2726 308 2814; x_wconf 78' lang='lat' dir='ltr'>obJectum</span> <span class='ocrx_word' id='word_1_139' title='bbox 323 2740 412 2801; x_wconf 90' lang='lat' dir='ltr'>istius</span> <span class='ocrx_word' id='word_1_140' title='bbox 428 2741 568 2803; x_wconf 88' lang='lat' dir='ltr'>scientiae</span> <span class='ocrx_word' id='word_1_141' title='bbox 580 2740 821 2803; x_wconf 87' lang='lat' dir='ltr'>constituentes.</span> 
     </span>
    </p>

    <p class='ocr_par' dir='ltr' id='par_1_9' title="bbox 94 2834 1062 3307">
     <span class='ocr_line' id='line_1_24' title="bbox 130 2834 1059 2918; baseline 0.004 -25"><span class='ocrx_word' id='word_1_142' title='bbox 130 2834 185 2894; x_wconf 86' lang='lat' dir='ltr'>ties</span> <span class='ocrx_word' id='word_1_143' title='bbox 209 2835 386 2899; x_wconf 87' lang='lat' dir='ltr'>illustratur</span> <span class='ocrx_word' id='word_1_144' title='bbox 409 2840 553 2918; x_wconf 87' lang='lat' dir='ltr'>exemplo</span> <span class='ocrx_word' id='word_1_145' title='bbox 572 2837 786 2917; x_wconf 79' lang='lat' dir='ltr'>Philosophiae</span> <span class='ocrx_word' id='word_1_146' title='bbox 811 2841 843 2899; x_wconf 92' lang='lat' dir='ltr'>et</span> <span class='ocrx_word' id='word_1_147' title='bbox 864 2836 1059 2915; x_wconf 78' lang='lat' dir='ltr'>Theologiae.</span> 
     </span>
     <span class='ocr_line' id='line_1_25' title="bbox 97 2927 1059 3016; baseline 0.006 -29"><span class='ocrx_word' id='word_1_148' title='bbox 97 2927 303 3011; x_wconf 87' lang='lat' dir='ltr'>Philosophiae</span> <span class='ocrx_word' id='word_1_149' title='bbox 324 2952 395 3012; x_wconf 90' lang='lat' dir='ltr'>pars</span> <span class='ocrx_word' id='word_1_150' title='bbox 418 2935 515 3014; x_wconf 92' lang='lat' dir='ltr'>prior,</span> <span class='ocrx_word' id='word_1_151' title='bbox 541 2953 656 3016; x_wconf 89' lang='lat' dir='ltr'>nempe</span> <span class='ocrx_word' id='word_1_152' title='bbox 675 2935 802 3014; x_wconf 83' lang='lat' dir='ltr'>Logica‚</span> <span class='ocrx_word' id='word_1_153' title='bbox 824 2940 966 2996; x_wconf 90' lang='lat' dir='ltr'>mentem</span> <span class='ocrx_word' id='word_1_154' title='bbox 988 2951 1059 2994; x_wconf 91' lang='lat' dir='ltr'>nos-</span> 
     </span>
     <span class='ocr_line' id='line_1_26' title="bbox 95 3020 1062 3114; baseline 0.005 -28"><span class='ocrx_word' id='word_1_155' title='bbox 95 3031 167 3090; x_wconf 87' lang='lat' dir='ltr'>tram</span> <span class='ocrx_word' id='word_1_156' title='bbox 175 3031 284 3110; x_wconf 85' lang='lat' dir='ltr'>dirigit</span> <span class='ocrx_word' id='word_1_157' title='bbox 294 3034 333 3092; x_wconf 92' lang='lat' dir='ltr'>ad</span> <span class='ocrx_word' id='word_1_158' title='bbox 347 3032 507 3112; x_wconf 87' lang='lat' dir='ltr'>objectum</span> <span class='ocrx_word' id='word_1_159' title='bbox 519 3020 613 3114; x_wconf 87' lang='lat' dir='ltr'>hujus</span> <span class='ocrx_word' id='word_1_160' title='bbox 625 3034 765 3097; x_wconf 82' lang='lat' dir='ltr'>scientiae</span> <span class='ocrx_word' id='word_1_161' title='bbox 774 3033 1009 3109; x_wconf 66' lang='lat' dir='ltr'>attingendum</span> <span class='ocrx_word' id='word_1_162' title='bbox 1021 3031 1062 3091; x_wconf 94' lang='lat' dir='ltr'>is·</span> 
     </span>
     <span class='ocr_line' id='line_1_27' title="bbox 94 3127 1059 3210; baseline 0.007 -27"><span class='ocrx_word' id='word_1_163' title='bbox 94 3127 143 3186; x_wconf 90' lang='lat' dir='ltr'>tud</span> <span class='ocrx_word' id='word_1_164' title='bbox 157 3145 230 3191; x_wconf 85' lang='lat' dir='ltr'>vero</span> <span class='ocrx_word' id='word_1_165' title='bbox 243 3130 380 3206; x_wconf 86' lang='lat' dir='ltr'>speciale</span> <span class='ocrx_word' id='word_1_166' title='bbox 393 3129 554 3209; x_wconf 89' lang='lat' dir='ltr'>objectum</span> <span class='ocrx_word' id='word_1_167' title='bbox 568 3137 691 3194; x_wconf 84' lang='lat' dir='ltr'>constat</span> <span class='ocrx_word' id='word_1_168' title='bbox 706 3127 888 3194; x_wconf 79' lang='lat' dir='ltr'>veritatibus</span> <span class='ocrx_word' id='word_1_169' title='bbox 901 3147 978 3210; x_wconf 87' lang='lat' dir='ltr'>quas</span> <span class='ocrx_word' id='word_1_170' title='bbox 992 3129 1059 3190; x_wconf 88' lang='lat' dir='ltr'>Me-</span> 
     </span>
     <span class='ocr_line' id='line_1_28' title="bbox 94 3223 715 3307; baseline 0.011 -26"><span class='ocrx_word' id='word_1_171' title='bbox 94 3223 247 3302; x_wconf 86' lang='lat' dir='ltr'>taphysica</span> <span class='ocrx_word' id='word_1_172' title='bbox 261 3232 294 3286; x_wconf 88' lang='lat' dir='ltr'>et</span> <span class='ocrx_word' id='word_1_173' title='bbox 305 3227 431 3288; x_wconf 90' lang='lat' dir='ltr'>Moralis</span> <span class='ocrx_word' id='word_1_174' title='bbox 446 3229 715 3307; x_wconf 86' lang='lat' dir='ltr'>contemplantur.</span> 
     </span>
    </p>
   </div>
   <div class='ocr_carea' id='block_1_9' title="bbox 96 3390 1059 3700">
    <p class='ocr_par' dir='ltr' id='par_1_10' title="bbox 96 3390 1059 3520">
     <span class='ocr_line' id='line_1_29' title="bbox 121 3390 1059 3474; baseline 0 -33"><span class='ocrx_word' id='word_1_175' title='bbox 121 3390 152 3453; x_wconf 84' lang='lat' dir='ltr'>(l)</span> <span class='ocrx_word' id='word_1_176' title='bbox 168 3393 307 3456; x_wconf 77' lang='lat' dir='ltr'>zullingon,</span> <span class='ocrx_word' id='word_1_177' title='bbox 324 3394 514 3444; x_wconf 80' lang='lat' dir='ltr'>Institutionum</span> <span class='ocrx_word' id='word_1_178' title='bbox 528 3393 602 3458; x_wconf 80' lang='lat' dir='ltr'>juris</span> <span class='ocrx_word' id='word_1_179' title='bbox 630 3393 791 3444; x_wconf 76' lang='lat' dir='ltr'>ecelesiastici</span> <span class='ocrx_word' id='word_1_180' title='bbox 811 3393 874 3444; x_wconf 82' lang='lat' dir='ltr'>liber</span> <span class='ocrx_word' id='word_1_181' title='bbox 903 3392 1059 3474; x_wconf 64' lang='lat' dir='ltr'>isagogieus3</span> 
     </span>
     <span class='ocr_line' id='line_1_30' title="bbox 96 3479 205 3520; baseline 0.037 -4"><span class='ocrx_word' id='word_1_182' title='bbox 96 3479 143 3519; x_wconf 78' lang='lat' dir='ltr'>ce.</span> <span class='ocrx_word' id='word_1_183' title='bbox 199 3510 205 3520; x_wconf 85' lang='lat'><strong><em>.</em></strong></span> 
     </span>
    </p>

    <p class='ocr_par' dir='ltr' id='par_1_11' title="bbox 120 3483 1024 3620">
     <span class='ocr_line' id='line_1_31' title="bbox 120 3483 1024 3620; baseline -0.002 -20"><span class='ocrx_word' id='word_1_184' title='bbox 120 3483 149 3612; x_wconf 43' lang='lat'>5²)</span> <span class='ocrx_word' id='word_1_185' title='bbox 158 3485 313 3615; x_wconf 50' lang='lat' dir='ltr'>{illiteratum</span> <span class='ocrx_word' id='word_1_186' title='bbox 323 3553 494 3604; x_wconf 75' lang='lat' dir='ltr'>Institutiones</span> <span class='ocrx_word' id='word_1_187' title='bbox 503 3552 688 3620; x_wconf 70' lang='lat' dir='ltr'>philosophicos,</span> <span class='ocrx_word' id='word_1_188' title='bbox 698 3553 792 3618; x_wconf 73' lang='lat' dir='ltr'>logica</span> <span class='ocrx_word' id='word_1_189' title='bbox 804 3546 903 3614; x_wconf 76' lang='lat' dir='ltr'>parsit,</span> <span class='ocrx_word' id='word_1_190' title='bbox 916 3566 973 3614; x_wconf 77' lang='lat' dir='ltr'>cop.</span> <span class='ocrx_word' id='word_1_191' title='bbox 989 3564 1024 3599; x_wconf 84' lang='lat' dir='ltr'>vr.</span> 
     </span>
    </p>

    <p class='ocr_par' dir='ltr' id='par_1_12' title="bbox 123 3631 843 3700">
     <span class='ocr_line' id='line_1_32' title="bbox 123 3631 843 3700; baseline 0 -16"><span class='ocrx_word' id='word_1_192' title='bbox 123 3631 154 3692; x_wconf 68' lang='grc'>(3)</span> <span class='ocrx_word' id='word_1_193' title='bbox 164 3633 317 3697; x_wconf 77' lang='lat' dir='ltr'>Dobmayer,</span> <span class='ocrx_word' id='word_1_194' title='bbox 327 3632 440 3697; x_wconf 78' lang='lat' dir='ltr'>Systema</span> <span class='ocrx_word' id='word_1_195' title='bbox 452 3634 585 3700; x_wconf 76' lang='lat' dir='ltr'>theolopt&#39;oe</span> <span class='ocrx_word' id='word_1_196' title='bbox 596 3634 735 3698; x_wconf 73' lang='lat' dir='ltr'>catholice,</span> <span class='ocrx_word' id='word_1_197' title='bbox 748 3648 807 3696; x_wconf 82' lang='lat' dir='ltr'>pars</span> <span class='ocrx_word' id='word_1_198' title='bbox 820 3633 843 3684; x_wconf 91' lang='lat'>1.</span> 
     </span>
    </p>
   </div>
   <div class='ocr_carea' id='block_1_10' title="bbox 0 0 1306 4270">
    <p class='ocr_par' dir='ltr' id='par_1_13' title="bbox 0 0 1306 4270">
     <span class='ocr_line' id='line_1_33' title="bbox 0 0 1306 4270; baseline 0 3"><span class='ocrx_word' id='word_1_199' title='bbox 0 0 1306 4270; x_wconf 95' lang='lat' dir='ltr'> </span> 
     </span>
    </p>
   </div>
  </div>
 </body>
</html>
