2620 4258
235 287 286 333 284
400 286 558 330 Expostulo
579 284 758 330 uuruoulca
779 285 862 330 Juals
884 285 1039 332 GANONIGI.

236 405 453 482 corrigendos,
470 403 603 464 virtutes
618 403 863 480 promovendas,
878 403 1081 482 disciplinam
1095 403 1222 465 instau-
1291 392 1292 452 i

236 503 378 564 rendam.
400 503 520 563 Verum
540 499 673 562 minime
693 504 800 577 potest
817 501 902 579 leges
918 503 1056 562 condere
1070 518 1143 580 quae
1154 500 1221 580 juri

234 599 397 662 communi
413 599 628 660 adversentur.
645 641 650 651 ,

275 700 314 758 ll.
332 698 386 757 dus
401 695 594 776 dispensandi.
616 699 813 760 -Potestas
836 696 959 758 terendi
978 697 1064 774 leges
1081 695 1222 756 includit

235 796 420 856 facultatem
435 794 651 872 dispensandi.
664 796 764 873 Igitur
777 795 928 874 Episcopi
940 798 1075 874 possunt
1088 793 1124 854 in
1138 793 1219 853 dioe-

235 893 357 954 cesanis
372 891 494 969 legibus
508 892 711 968 dispensare;
730 893 763 952 id
776 910 834 973 per
849 909 882 954 sc
896 892 1096 969 intelligitur.

276 992 355 1051 Cum
369 1007 442 1050 vero
461 989 593 1049 inferior
607 1007 673 1050 non
693 989 794 1070 possit
806 991 891 1068 leges
912 989 1086 1068 superioris
1101 988 1220 1047 immu-

236 1093 314 1160 tare,
341 1085 465 1147 idcirco
483 1087 517 1145 in
539 1085 662 1165 legibus
678 1087 839 1148 Pontificis
860 1092 892 1148 et
910 1086 1042 1148 Consilii
1062 1086 1219 1165 generalis
1293 1090 1294 1156 ἶ

236 1185 418 1260 dispensare
432 1183 544 1264 nequit
558 1184 745 1266 Episcopus,
762 1185 824 1245 nisi
838 1186 970 1247 facultas
986 1183 1047 1264 ipsi
1060 1185 1222 1244 conceda-

235 1287 297 1341 tur.
325 1283 472 1343 Jamvero
493 1282 645 1362 Episcopi
670 1281 841 1360 aliquando
865 1282 1048 1360 dispensant
1065 1281 1162 1342 etiam
1187 1280 1220 1339 in

236 1379 359 1458 legibus
374 1379 576 1454 generalibus
596 1398 603 1440 :
621 1383 651 1440 l⁰
666 1381 712 1456 Ex
721 1379 792 1460 jure
808 1379 840 1440 id
854 1380 1073 1460 permittente3
1089 1397 1118 1439 v.
1134 1397 1167 1456 g.
1187 1379 1220 1438 in

235 1478 399 1539 nonnullis
425 1478 666 1558 impedimentis
692 1478 933 1539 matrimdnium
958 1475 1219 1557 prohibentibus.

237 1610 275 1621 -
299 1579 331 1635 2⁰
356 1578 401 1637 Ex
427 1575 557 1656 speciali
585 1575 792 1653 delegatione,
821 1593 937 1654 nempe
961 1577 992 1635 vi
1018 1575 1220 1636 indultorum

236 1672 524 1752 quinquennalium
542 1673 605 1734 aS.
624 1673 706 1734 Sede
721 1688 957 1739 concessorum.
976 1705 1016 1717 —
1030 1675 1062 1732 3⁰
1078 1674 1126 1734 Ex
1143 1672 1221 1749 legi-

236 1771 314 1832 tima
328 1771 578 1845 consuetudine3
594 1789 622 1832 v.
636 1789 666 1850 g.
685 1770 717 1830 in
728 1770 867 1850 jejuniis,
885 1771 917 1830 in
932 1771 1021 1831 iestis
1034 1771 1139 1850 quoad
1153 1770 1220 1850 pri·
1295 1795 1296 1808 ¹

236 1873 333 1940 vatos,
360 1868 393 1926 in
423 1867 522 1928 dubio
549 1885 589 1926 an
618 1885 710 1928 casus
737 1867 876 1946 indigeat
903 1867 1150 1946 dispensatione.
1180 1900 1221 1914 -

177 1999 183 2011 ·
234 1965 266 2022 4⁰
289 1965 453 2024 Interdum
476 1983 514 2025 ex
534 1967 724 2027 necessitate
750 1972 781 2028 et
802 1967 931 2029 licentia
953 1965 1117 2028 Pontificis
1135 1985 1221 2046 prae·

235 2059 380 2139 sumptim
400 2079 430 2121 v.
448 2080 484 2140 g.
507 2062 685 2142 Episcopus
701 2065 843 2126 relaxare
857 2069 962 2144 potest
977 2065 1141 2126 occultum
1161 2063 1220 2124 im-

235 2158 460 2236 pedimentum
486 2178 550 2238 quo
576 2159 700 2222 laborat
723 2163 963 2225 matrimonium
987 2167 1218 2226 contractum:

237 2261 311 2316 tunc
325 2258 411 2318 enim
426 2258 467 2319 oh
483 2258 662 2337 periculum
679 2259 712 2319 in
726 2277 815 2322 mora
829 2260 1025 2340 dis-pensatio
1043 2261 1145 2340 expeti
1160 2279 1222 2322 ne·

236 2354 315 2431 quit,
334 2361 364 2416 et
379 2356 522 2418 Ecclesia
536 2356 794 2436 jurisdictionem
809 2359 959 2439 Episcopi
974 2361 1123 2437 supplere
1142 2377 1220 2421 cen-

194 2501 203 2510 .
237 2457 332 2513 setur.

548 2601 572 2648 2.
590 2601 703 2648 Potestas
714 2601 856 2650 executoris
865 2600 908 2664 (1).

276 2769 418 2826 Potestas
429 2765 606 2844 exequendi
621 2767 866 2845 complectitur:

276 2865 301 2923 I.
318 2862 372 2922 Jas
386 2861 577 2942 promovendi
588 2862 801 2926 observantiam
821 2867 928 2947 legum
944 2867 1091 2930 dioecesis
1113 2875 1144 2934 et
1159 2873 1221 2934 Ec·

237 2959 341 3024 clesiae
358 2959 552 3020 universalis.
567 2961 617 3022 Ad
628 2961 707 3023 illud
724 2981 839 3026 munus
854 2964 1023 3028 salubriter
1034 2967 1219 3028 obeundum

174 3117 177 3122 .
237 3057 410 3138 requiritur
432 3057 517 3118 zelus
541 3059 681 3121 fervidus
702 3066 733 3123 et
757 3063 907 3142 prudens,
933 3081 995 3143 quo
1016 3069 1221 3130 removeatur

235 3154 428 3237 negligentia
442 3155 492 3216 vel
506 3155 605 3216 nimia
618 3157 778 3237 severitas,-

276 3257 313 3315 ll.
332 3253 519 3336 'Potestatem
536 3251 703 3333 judicandi.
730 3254 959 3338 -Episcopus
974 3259 1009 3320 in
1033 3261 1138 3340 prima
1156 3261 1222 3320 ins-

238 3350 335 3410 tantia
361 3350 483 3427 judicat
496 3367 608 3410 omnes
628 3367 737 3413 causas
765 3353 804 3414 ad
831 3355 936 3418 sorum
965 3357 1221 3420 ecclesiasticum

269 3531 301 3591 (tt
318 3529 408 3592 Soglia,
419 3531 499 3582 instit.
511 3533 585 3597 juris
593 3534 689 3598 publici
702 3535 882 3602 Ecclesa'ostt'ct',
895 3551 952 3602 pars
967 3541 988 3602 l,
1000 3539 1047 3592 lib.
1066 3542 1100 3604 ΙΙ,
1111 3555 1166 3604 cap.
1183 3555 1218 3592 rr.

129 3610 132 3616 '
236 3635 268 3648 -
280 3608 407 3669 Tarquini,
425 3610 510 3662 instit.
518 3613 591 3676 juris
599 3615 706 3678 publici,
718 3616 761 3666 lib.
785 3617 816 3667 ll.
