2620 4258
155 247 163 266 ⁸
226 239 278 286 tls
400 235 559 282 Exrosmo
581 234 758 280 METHODICA
779 234 862 280 tuuis
884 233 1040 279 curiorum.

266 350 1206 433 l.Dotesetiqecdorum.-lnpromovendisadllpiscopatum

225 451 413 529 exiguntur:
442 453 473 510 1⁰
492 453 567 510 aetas
594 453 728 522 matura,
755 464 873 526 nempe
896 465 997 508 annus
1023 448 1207 527 trigesimus

223 549 410 626 completus.
428 579 468 592 -
479 549 511 607 2·
526 545 599 608 Vita
613 543 889 620 commendabilis,
899 543 1030 607 ¹scilicet
1040 545 1208 624 integritas

224 646 310 721 fidei,
343 662 470 707 morum
498 643 643 724 gravitas,
674 645 845 723 prudentia
859 649 892 706 ct
911 643 1058 722 probatio
1071 643 1104 704 in
1118 645 1209 706 tunc·

223 743 365 806 tionibus
380 741 616 806 ecelesiasticis.
631 741 853 803 Excluduntur
867 741 906 801 ab
920 741 1114 819 Episcopatu
1128 741 1210 802 irre-

223 844 358 922 gulares,
383 841 559 916 criminosi,
587 839 729 902 censuris
744 839 904 919 impediti.
920 871 961 886 ·-
975 842 1006 900 3ο
1020 839 1164 901 Scientia
1178 847 1207 901 ct

224 942 331 1002 laurea
345 937 527 1016 'theologiae
538 938 586 999 vel
598 937 684 1000 Juris
700 937 857 1012 canonici,
870 941 927 998 aut
937 937 1102 1016 publicum
1115 937 1209 999 testi-

225 1037 369 1099 monium
382 1034 618 1116 quosligendus
633 1036 672 1095 ad
682 1035 760 1096 alios
774 1036 937 1098 docendos
951 1035 1086 1096 idoneus
1099 1041 1207 1097 osten·

225 1137 329 1196 datur.
351 1165 390 1178 -
412 1137 444 1193 l⁰
458 1133 609 1212 Legitimi
635 1133 766 1194 natales.
782 1163 821 1180 ·-
836 1136 868 1194 5⁰
881 1132 1019 1211 Adoptio
1044 1149 1208 1194 sacrorum

121 1293 123 1298 .
225 1231 387 1305 ordinum,
406 1231 519 1292 saltem
535 1247 553 1290 a
567 1247 621 1290 sex
630 1229 804 1290 mensibus.

264 1329 303 1390 11.
318 1327 428 1388 Forma
440 1326 582 1411 electionis
599 1328 729 1408 proprie
744 1327 838 1388 dictae
865 1330 982 1388 statuta
999 1333 1047 1389 est
1057 1332 1209 1406 respectu

224 1426 334 1487 habito
344 1426 408 1486 sive
420 1426 460 1486 ad
472 1429 598 1503 tempus
613 1425 677 1486 sive
689 1426 729 1485 ed
741 1440 911 1486 numerum
929 1425 1125 1503 eligentium,
1141 1425 1207 1486 sive

224 1527 263 1585 ad
280 1526 412 1600 modum
426 1523 584 1604 eligendi:

265 1623 403 1702 'tempus
419 1621 605 1683 delinitum:
627 1619 860 1698 Episcoporum
887 1619 1001 1682 electio
1025 1619 1208 1698 capitularis

224 1720 307 1781 intra
329 1724 393 1780 tres
419 1734 544 1779 menses
562 1716 744 1779 absolvitur.
771 1716 805 1779 Si
817 1716 995 1796 capitulum
1017 1718 1204 1796 neglexerit,

225 1817 339 1878 electio
356 1817 532 1878 devolvitur
544 1816 583 1875 ad
599 1815 809 1893 superiorem.
1079 1814 1083 1820 “

265 1913 422 1973 Numerus
437 1911 625 1991 eligentium
640 1915 766 1973 constat
780 1927 818 1972 ex
831 1911 871 1972 iis
886 1911 1050 1973 canonicis
1075 1911 1131 1990 qui
1147 1913 1206 1972 de-

225 2007 313 2081 hent,
329 2009 440 2070 volunt
455 2013 486 2069 et
497 2012 633 2086 possunt
646 2007 813 2070 interesse.

263 2105 375 2168 Modus
390 2105 529 2184 eligendi
546 2124 554 2165 ε
570 2105 671 2166 tribus
688 2105 793 2166 modis
809 2103 926 2169 electio
940 2105 1009 2168 fleri
1024 2110 1143 2185 potest,
1159 2106 1206 2166 vel

224 2213 282 2280 per
294 2201 547 2281 inspirationem,
565 2203 613 2264 vel
628 2217 686 2280 per
697 2203 978 2281 compromissum,
991 2205 1038 2265 vel
1048 2221 1108 2282 per
1121 2219 1208 2264 scru-

224 2301 351 2362 tinium.
365 2301 486 2363 ldlectio
498 2317 556 2379 per
565 2301 754 2361 scrutinium
763 2301 818 2380 illa
831 2307 879 2364 est
889 2321 960 2380 quae
974 2303 1138 2380 perficitur
1150 2317 1208 2380 per

224 2403 391 2472 secretam,
408 2399 594 2477 diligentem
606 2401 641 2458 et
658 2398 837 2460 ordinatam
853 2399 1079 2461 collectionem
1094 2397 1207 2459 suffra-

223 2496 349 2574 giorum
362 2497 447 2557 circa
461 2513 546 2570 eum,
561 2496 594 2555 in
608 2511 704 2574 quem
720 2495 822 2575 major
835 2503 867 2559 et
877 2498 984 2558 sanior
995 2515 1066 2576 pars
1075 2495 1208 2574 capituli

224 2595 393 2655 consentit.

264 2692 430 2754 Electione
443 2691 616 2766 celebrata,
635 2690 810 2770 requiritur
824 2692 917 2754 electi
928 2707 1113 2768 consensus,
1126 2691 1210 2751 infra

225 2805 370 2850 mensem
384 2787 592 2850 exhibendus.

264 2889 316 2950 ΙΙΙ.
335 2886 510 2948 Postulatr'o.
528 2888 692 2947 -Praeter
704 2886 989 2948 electionemillius
1011 2885 1221 2966 qnidotibus·

225 2983 266 3046 sit
279 2983 444 3062 praeditus,
458 2985 551 3044 datur
563 2984 756 3062 quandoque
766 2984 949 3062 postulatio,
965 2985 998 3044 id
1017 2988 1076 3059 est,
1098 2981 1210 3062 petitio

225 3076 349 3155 collegii
363 3076 517 3155 eligentis,
549 3077 588 3136 ad
612 3079 649 3138 R.
671 3077 859 3139 Pontificem
877 3079 1009 3154 directa,
1025 3081 1062 3138 ut
1076 3093 1137 3154 pro
1148 3074 1210 3136 uti-

225 3173 314 3235 litate
333 3174 495 3250 ldcclesiae,
514 3173 655 3253 aliquem
676 3191 716 3236 ex
740 3175 935 3254 indulgentia
958 3175 992 3235 in
1011 3175 1210 3254 Episcopum

227 3276 376 3348 assumat,
392 3272 446 3350 qui
459 3277 591 3352 propter
604 3273 874 3351 impedimentum
885 3273 1088 3348 canonicum,
1100 3273 1136 3332 in
1148 3287 1209 3349 quo

227 3372 335 3428 temen
359 3369 505 3447 superior
528 3370 711 3448 dispensare
735 3369 835 3449 possit
860 3375 893 3432 et
913 3371 1024 3447 soleat,
1052 3369 1130 3448 eligi
1158 3384 1211 3427 ne·

228 3462 308 3542 quit.

266 3562 304 3621 In
322 3578 360 3623 eo
376 3563 482 3625 differt
495 3561 534 3624 ab
557 3565 724 3639 electione,
743 3565 829 3643 quod
842 3565 951 3644 gratiae
965 3565 1132 3637 innitatur,
1154 3563 1209 3621 illa
