2620 4258
482 293 555 336 PARS
578 284 740 337 srucmLIS.
1044 293 1097 339 293

124 389 213 486 pri'or
230 408 395 487 negotium
417 407 593 486 occupavit.
620 407 798 487 Aliquando
822 426 932 472 eorum
957 411 1098 471 officium

123 504 270 566 vicariale
290 505 444 567 limitatur
462 505 524 566 sive
538 506 642 582 quoad
663 505 872 583 territorium,
887 507 1050 586 assignatis
1065 506 1099 566 in

125 596 252 680 ‹sroecesi
269 603 384 664 finibus
398 603 480 664 intra
488 621 568 682 quos
578 603 710 683 quilibet
721 604 865 666 vicarius
875 604 970 666 dehet
980 621 1013 666 se
1027 621 1100 666 con-

123 699 237 776 tinere,
252 701 315 762 sive
330 702 433 780 quoad
446 701 589 764 indolem
599 701 807 776 auctoritatis,
821 701 854 762 id
871 708 928 777 est,
942 703 1098 782 assignato

123 799 214 858 atteri
230 797 380 859 exercitio
395 797 578 860 voluntariae
587 798 830 878 jurisdictionis,
847 799 933 862 alteri
949 798 1098 862 exercitio

120 895 352 974 jurisdictionis
365 897 582 958 contentiosae.

163 996 307 1056 tamvero
322 995 354 1054 in
366 995 555 1056 dioecesibus
569 994 623 1056 uhi
641 995 765 1057 obtinet
779 994 849 1056 haec
864 995 975 1056 ultima
990 995 1099 1074 dispo-

124 1089 208 1165 sitio,
234 1090 439 1169 distinguitur
451 1089 593 1153 Vicarius
610 1093 794 1154 voluntariae
811 1097 842 1153 et
863 1092 1006 1154 vicarius
1020 1110 1098 1154 con-

122 1187 268 1249 tentiosae
280 1187 512 1266 jurisdictionis
539 1209 545 1250 :
571 1188 624 1251 ille
644 1189 758 1252 dieitur
786 1189 920 1250 Vicurius
942 1189 1096 1270 generales,

122 1283 174 1344 hic
184 1286 361 1363 appellatur
373 1284 528 1366 officialis.
540 1288 684 1366 *Igitur
696 1288 808 1366 exjure
820 1292 942 1348 constat
950 1288 1098 1349 identitas

122 1383 297 1444 vicariatus
312 1384 467 1462 generalis
483 1391 515 1446 et
533 1385 751 1458 officialitatis,
776 1389 844 1445 tum
860 1385 933 1464 quia
949 1386 1100 1447 canonice

123 1496 296 1558 synonyma
312 1486 386 1541 sunt
409 1480 537 1542 nomina
554 1483 669 1544 Vicarii
694 1483 848 1561 generalis
867 1487 920 1543 aut
935 1483 1097 1558 Oificialis,

123 1582 156 1638 et
172 1585 307 1652 uterque
322 1577 482 1639 vicariatu
494 1579 644 1658 iungitur3
671 1585 741 1640 tum
766 1579 840 1659 quia
856 1580 889 1639 in
910 1579 1099 1658 quibusdam

124 1672 314 1735 dioeoesihus
328 1673 471 1736 Vicarius
486 1678 640 1756 generalis
654 1678 693 1738 ab
709 1676 842 1738 Oifioiali
856 1695 922 1759 non
937 1677 1100 1755 distingui-

122 1775 186 1846 tur,
201 1769 234 1830 in
249 1770 318 1831 aliis
330 1789 405 1833 vero
419 1773 590 1834 discrimen
602 1774 685 1836 inter
694 1779 865 1852 utrumque
876 1774 1020 1852 provenit
1033 1779 1100 1836 tan·

121 1871 191 1927 tum
211 1883 248 1928 ex
271 1867 392 1930 ratione
415 1887 477 1948 qua
500 1872 662 1948 regulatur
680 1871 719 1932 ab
741 1872 899 1950 Episcopo
914 1871 1099 1934 exercitium

120 1961 360 2041 jurisdictionis.

382 2154 408 2200 3.
431 2152 544 2200 Potestas
557 2152 647 2215 vicarii
658 2153 780 2214 generalis
792 2153 799 2203 i
805 2155 840 2220 1).

161 2301 185 2360 1.
198 2299 313 2360 Indoles
331 2300 415 2360 istius
432 2301 588 2380 potestatis
601 2301 770 2362 innotescit
793 2300 996 2378 sequentibus
1009 2317 1101 2380 regu·

125 2395 182 2456 lis:

161 2493 275 2574 Reputo
291 2497 331 2553 tt
346 2529 385 2538 —
399 2496 474 2556 Haec
488 2492 660 2556 auctoritas
677 2499 724 2556 est
747 2493 860 2554 nicorio
881 2514 936 2558 seu
956 2495 1098 2558 ministe-
1168 2543 1169 2546 ,

125 2591 222 2654 rialis.
245 2593 326 2652 Dum
341 2591 426 2652 enirn
443 2593 621 2670 Episcopus
640 2591 772 2670 proprio
789 2592 918 2654 nomine
936 2592 1099 2652 dioecesim

15 2745 16 2772 ,
124 2688 288 2768 gubernat,
306 2689 448 2752 Vicarius
469 2688 623 2768 generalis
645 2707 711 2750 non
725 2691 788 2768 agit
810 2690 940 2774 proprio
958 2688 1098 2766 nomine,

15 2811 16 2854 i
123 2789 178 2848 sed
193 2789 316 2850 nonnisi
331 2795 483 2868 tanquam
502 2789 646 2852 minister
658 2793 849 2868 potestatem
863 2787 969 2848 hahet.

15 2869 17 2882 '
162 2885 276 2968 Regulo
289 2891 331 2948 2⁸.
349 2887 467 2950 -Sub
481 2906 545 2949 nno
566 2891 727 2966 respectu,
745 2885 862 2948 vicarii
884 2884 1037 2966 generalis
1052 2885 1102 2962 ju-

123 2979 266 3044 risdictio
282 2983 499 3060 estordinorr'c,
509 3002 580 3046 non
592 2985 747 3062 delegata.
761 2981 1101 3064 Idtcnimprtioo,juris·

126 3078 507 3162 diotioVicariigeneralis
522 3086 569 3143 est
582 3083 692 3142 eadem
701 3097 773 3142 cum
781 3079 1004 3158 jnrisdictione
1016 3078 1102 3157 Epis·

126 3176 213 3255 oopi;
231 3179 318 3257 atqui
337 3185 477 3257 potestas
489 3178 639 3257 Episcopi
652 3182 699 3240 est
715 3177 885 3239 ordinaria.
900 3209 940 3222 -
957 3174 1098 3250 Secundo,

126 3273 283 3336 ordinaria
297 3281 344 3336 est
359 3275 413 3336 illa
435 3275 615 3356 jurisdictio
641 3293 711 3352 quae
726 3291 783 3352 per
800 3275 904 3353 legem
924 3273 1028 3336 officio
1046 3275 1102 3337 ad·
1149 3273 1150 3277 ’

126 3371 279 3447 nectitur;
292 3373 378 3450 atqui
389 3372 570 3452 jurisdictio
583 3370 698 3435 Vioarii
714 3372 869 3452 generalis
882 3372 981 3451 alege
996 3374 1113 3448 detor--

156 3552 193 3619 (i)
203 3555 434 3618 Schmslzgrueber,
445 3553 550 3616 Giraldi,
559 3556 683 3618 Maschat,
690 3554 802 3618 Pirhing,
814 3556 845 3605 ad
854 3557 1018 3606 Decretalinm
1028 3554 1103 3632 Ιίῌ,

128 3629 165 3682 tit.
177 3633 209 3682 de
221 3633 311 3696 Officio
330 3635 437 3684 Vicorz'i.
