2630 4250
216 277 272 326 171
374 277 531 326 uxroslrlo
553 276 730 324 sturnorum
750 278 833 326 touls
854 277 1012 324 canorum.

213 398 313 462 monii
335 397 523 462 ordinantur
542 413 608 474 non
630 396 734 458 solum
752 400 789 458 ut
807 397 977 460 decentem
990 395 1200 460 sustentatio·
1309 373 1310 450 l

212 514 288 559 nem
302 496 449 572 habeant,
466 512 574 572 perum
604 496 700 557 etiam
722 500 758 557 ut
778 495 928 558 Ecclesiae
949 495 1099 558 serviant.
1126 497 1204 558 Una

214 612 340 676 semper
353 594 434 656 ratio
448 600 506 668 est,
519 610 635 674 nempe
645 593 796 655 Ecclesiae
809 593 941 668 utilitas,
957 599 1088 674 propter
1097 609 1200 674 quum

215 693 342 755 ordines
357 693 565 754 conteruntur
577 692 640 754 sive
654 689 693 750 ad
706 691 835 752 titulum
850 691 1009 768 beneficii,
1022 692 1085 776 siye
1096 693 1138 753 ad
1153 690 1201 754 ti-

214 791 316 853 tulum
328 789 527 870 patrimonii.
543 820 583 834 -
594 793 624 851 1.
645 788 796 850 Beneficii
809 789 921 851 titulus
936 795 984 853 est
1001 789 1195 864 ordinarius,

214 889 325 952 titulus
337 905 411 952 vero
426 887 611 968 patrimonii
622 887 670 948 vel
686 887 848 966 pensionis
864 875 1144 963 extraordinarius,
1158 905 1196 950 ac

213 987 310 1050 veluti
333 1003 391 1065 per
415 986 547 1048 modum
570 984 816 1064 dispensationis
842 985 1009 1048 admissus.
1036 986 1199 1048 Nimirum

213 1103 270 1166 per
281 1083 512 1164 indulgentiam
527 1083 728 1144 introductus
750 1082 829 1156 tuit;
853 1083 972 1146 etenim
989 1101 1030 1145 ne
1043 1084 1199 1163 spiritua·

213 1183 296 1245 libus
309 1175 433 1244 auxiliis
446 1186 590 1244 carerent
603 1181 719 1261 aliquae
731 1181 884 1244 dioeceses
899 1181 933 1242 in
947 1181 1063 1260 quihus
1077 1181 1198 1244 benefi-

213 1280 263 1351 cia
279 1279 481 1355 deficiebant,
497 1281 617 1342 sactum
641 1285 689 1341 est
711 1284 745 1341 ut
766 1279 875 1340 clerici
898 1285 1029 1360 propter
1043 1281 1197 1344 Ecclesia

211 1377 434 1442 necessitatem
447 1383 500 1442 aut
515 1378 685 1441 utilitatem
698 1377 922 1440 ordinarentur
937 1379 977 1440 ad
992 1377 1124 1440 titulum
1136 1398 1196 1461 pu-

214 1475 347 1537 triruouis'
365 1475 444 1538 certi
472 1479 504 1538 et
527 1474 649 1538 stabilis
668 1476 715 1538 vel
731 1475 879 1558 pensionis
899 1476 1123 1540 ecclesiasticae
1143 1483 1198 1542 aut

213 1575 325 1636 saltem
338 1577 512 1654 perpetuae.

130 1688 132 1693 ·
250 1675 286 1752 Ι3.
306 1674 355 1736 Ad
368 1673 498 1736 titulum
510 1671 655 1754 reliquisse
662 1671 850 1754 paupertatis
869 1673 1057 1736 ordinantur
1069 1676 1199 1753 regula·

212 1788 263 1832 res
276 1771 420 1850 professi.
438 1773 530 1834 Ratio
546 1777 603 1846 est,
619 1770 694 1850 quia
707 1770 816 1832 inillis
829 1771 983 1850 professio
996 1771 1198 1836 suhitvicem

213 1867 309 1941 tituli,
326 1874 357 1931 et
369 1869 482 1949 religio
494 1873 621 1931 tenetur
634 1885 727 1928 suurn
742 1869 921 1948 professum
935 1870 1031 1934 alere.

251 1966 357 2028 Titulo
381 1967 576 2046 paupertatis
593 1966 736 2028 ordinari
755 1984 819 2028 nou
837 1975 970 2047 possunt
990 1969 1116 2046 novitii,
1138 1987 1197 2034 ne-

213 2081 275 2144 que
288 2065 447 2145 regulares
467 2083 533 2127 non
553 2065 697 2144 professi.
719 2065 929 2144 Excipiuntur
947 2067 1129 2130 scholastici
1144 2087 1199 2131 so-

213 2163 337 2226 cietatis
348 2165 425 2226 lesu
436 2163 502 2242 qui,
514 2168 587 2226 ante
599 2164 776 2224 solemnem
790 2165 1032 2242 professionem,
1049 2161 1118 2229 sine
1131 2168 1197 2230 alio

212 2259 307 2323 titulo
339 2263 379 2322 ad
408 2261 536 2324 ordines
564 2265 793 2345 promoventur
821 2280 859 2324 ex
884 2265 1089 2328 concessione
1117 2267 1196 2329 Gre-

212 2359 292 2438 gorii
317 2362 401 2424 Xlll.
1022 2443 1025 2452 Α

251 2456 307 2520 111.
326 2455 534 2538 Ecceptioues.
554 2489 595 2504 -
610 2460 638 2520 1.
652 2461 698 2522 Ex
712 2460 879 2540 privilegio
889 2460 1067 2540 pontificio,
1085 2463 1195 2530 Patres

211 2554 469 2636 congregationis
484 2557 645 2618 missionis
657 2559 697 2619 ad
712 2560 842 2622 titulum
860 2558 1111 2641 &effrenationis
1129 2560 1197 2622 dis·

211 2651 309 2732 cipuli
326 2654 457 2734 Collegii
477 2656 517 2718 de
535 2658 741 2735 Propaganda
764 2660 827 2721 fide
845 2662 885 2720 ad
906 2659 1038 2721 titulum
1052 2659 1197 2722 missionis

211 2758 454 2832 promoventur.
478 2755 546 2815 Imo
566 2757 727 2818 nonnullis
749 2756 939 2820 dioecesibus
954 2759 1002 2820 vel
1018 2758 1195 2838 collegiisa

214 2847 296 2934 Sede
311 2849 690 2928 Apostolioaconcessum
706 2858 765 2928 est,
776 2860 811 2918 ut
825 2855 935 2918 clerici
948 2856 1016 2918 solo
1030 2855 1127 2917 titulo
1136 2875 1195 2918 ser-

213 2945 282 3007 os‘ts's‘
291 2946 431 3010 Ecclesioe
440 2948 644 3027 ordinentur;
658 2952 721 3014 tale
734 2952 895 3014 indultum
914 2952 1123 3028 obtinuerunt
1137 2955 1196 3016 lic·

215 3045 311 3107 clesia
324 3047 516 3122 Florentino,
531 3047 712 3112 Patriarcha
731 3052 882 3125 Venetus,
904 3054 936 3112 et
948 3050 980 3111 in
995 3049 1081 3114 Urbe
1096 3051 1195 3114 colle-

213 3142 303 3219 gium
320 3159 472 3230 graecum,
492 3145 662 3226 anglicum,
677 3147 908 3228 germanicum.

251 3243 280 3302 2.
293 3242 339 3302 Ex
354 3244 584 3307 cousuetudine
604 3247 652 3308 vel
668 3246 812 3324 exigente
824 3246 1014 3308 necessitate
1036 3247 1194 3310 toleratur

213 3337 247 3398 in
270 3339 435 3402 Germania
455 3341 557 3404 titulus
576 3363 694 3410 meusoe.
720 3346 750 3408 Is
770 3349 817 3407 est
835 3345 1005 3425 promissio
1028 3346 1192 3424 pensionis

213 3434 332 3497 clerico
350 3441 427 3498 tuno
444 3440 613 3518 solvendae‚
640 3444 767 3522 quando
788 3443 827 3503 ad
846 3442 995 3504 obeunda
1015 3459 1103 3504 sacra
1125 3459 1194 3505 mu·

214 3549 293 3594 nera
309 3533 458 3596 inhabilis
473 3538 688 3606 lactusluerit.
703 3541 879 3604 Discrimen
887 3541 974 3604 tituli
983 3542 1130 3629 canonici
1144 3560 1195 3604 cr-

218 3629 389 3693 dinationis
403 3649 419 3692 a
432 3631 526 3702 tilulo
538 3653 655 3700 mensae
670 3639 704 3700 in
716 3657 755 3702 eo
774 3631 930 3714 consistit,
953 3643 988 3702 ut
1001 3636 1055 3702 ille
1069 3639 1103 3702 in
1113 3657 1195 3719 prae·
