2604 4270
454 215 676 262 PRAENOTIONES.
1016 216 1049 262 25

72 347 203 392 monere
219 334 356 409 oportet,
370 347 407 392 ex
421 332 543 410 legibus
552 331 697 394 civilibus
708 333 828 410 aliquas
838 349 857 393 a
869 333 1046 395 canonibus

70 428 212 510 prolimen
229 429 335 504 luisse,
351 429 426 490 alias
440 445 514 491 vero
526 438 679 506 comestas,
692 436 819 490 caeleras
834 429 960 492 silentio
965 449 1046 511 prce·

74 526 231 588 tumores.

111 628 141 685 l.
154 627 190 685 In
202 625 275 702 jure
286 627 441 688 canonico
456 627 630 706 allegantur
647 626 732 704 leges
744 641 882 687 romanae
896 643 972 705 quas
986 615 1047 688 lle·

72 721 166 783 clesia
179 722 311 800 recepit.

111 825 140 882 2.
160 820 462 883 Abstinendumest
488 821 605 882 abusu
625 837 737 883 earum
758 823 864 901 legum
889 823 1041 897 civilium,

74 936 148 996 quas
162 919 305 980 Ecclesia
317 919 518 998 improbavit.
534 919 680 980 lamvero
696 920 852 1004 ejusmodi
871 925 944 982 suut
960 921 1045 1000 leges

72 1034 143 1094 quae
162 1017 209 1078 vel
235 1017 385 1078 Ecclesiae
404 1017 624 1096 praejudicium
645 1017 776 1093 iaciunt,
798 1019 845 1080 vel
868 1019 1046 1080 decernunt

74 1112 193 1190 aliquid
215 1113 248 1172 in
272 1113 405 1174 materia
428 1130 514 1174 mere
536 1113 700 1194 spirituali,
722 1116 770 1176 vel
790 1115 882 1177 bouis
903 1115 1045 1177 moribus

72 1211 339 1289 adversanturtl).

110 1309 143 1368 3.
171 1309 270 1385 Leges
288 1307 404 1383 civiles,
429 1325 505 1387 quas
525 1309 667 1370 Ecclesia
684 1325 789 1389 neque
804 1310 926 1389 recepit
940 1325 1044 1388 neque

73 1405 271 1484 improbavit,
293 1405 386 1466 tacite
402 1405 584 1484 approbatae
599 1407 756 1481 videntur,
777 1407 802 1467 si
818 1425 885 1468 rem
901 1412 1049 1485 spectent

75 1520 158 1564 mere
181 1503 360 1581 profanam,
376 1519 436 1563 nee
450 1501 515 1563 ulla
528 1519 566 1564 ex
580 1509 669 1580 parte
687 1503 862 1564 canonibus
881 1506 1049 1564 adversen-

76 1603 126 1660 tur
136 1598 188 1681 (2).

180 1805 212 1857 ll.
230 1833 261 1841 —
272 1806 388 1856 scientia
398 1807 524 1858 historicae
538 1808 607 1858 velut
618 1805 729 1856 subsidia
738 1805 804 1868 luris
817 1805 939 1874 canopiei.

108 1963 135 2014 l.
149 1959 270 2015 Historia
286 1959 493 2017 ecclesiastica.

111 2052 140 2106 2.
153 2048 267 2106 Critica.

211 2249 236 2296 1.
253 2243 353 2294 Utilitas
363 2242 473 2292 historin
483 2240 660 2292 eeclesiastico
673 2241 700 2290 in
708 2241 767 2303 lure
775 2241 907 2292 eanomco.

108 2409 132 2469 Ι.
151 2407 201 2470 Ad
215 2407 380 2469 scientiam
391 2407 472 2486 juris
491 2405 698 2469 ecclesiastici
711 2406 938 2486 acquirendam
951 2406 1048 2468 inter·

73 2511 118 2568 est
139 2505 283 2585 priorum
305 2506 496 2566 saeculorum
511 2503 723 2584 disciplinam,
739 2521 845 2564 mores
856 2510 888 2564 et
903 2503 1047 2566 instituta

72 2608 236 2685 perspecta
246 2603 376 2678 habere,
389 2602 548 2682 siquidem
562 2602 636 2664 inde
649 2601 740 2663 multi
755 2618 891 2664 canones
902 2602 1047 2662 derivan-

75 2698 1046 2780 tur.Atquiearumrerumnotitiamnobiscomparathistoria,

74 2819 141 2878 quae
153 2799 389 2862 institutionum
404 2795 829 2884 ecclesiasticarum·origines
844 2797 958 2875 aperit,
975 2814 1049 2876 pro-

73 2913 278 2976 gressumque
284 2895 365 2976 juris
377 2900 524 2958 testatur.

109 2997 148 3056 ΙΙ.
163 2995 212 3056 Ad
226 2995 312 3072 leges
326 2992 547 3070 intelligendas
563 3009 627 3054 non
641 2991 757 3054 suflicit
770 3008 878 3052 earum
890 2989 987 3052 verba
1000 2979 1088 3066 top-‚s
1166 2945 1196 2996 ³3³¹

72 3109 154 3167 nere,
172 3093 226 3154 sed
246 3106 377 3152 necesse
393 3095 439 3152 est
453 3089 640 3168 legislatoris
660 3092 812 3162 mentem,
834 3105 889 3150 seu
909 3076 1046 3168 spiritum

74 3189 137 3271 lepis
147 3191 351 3270 exploratum
365 3187 493 3250 habere.
507 3187 603 3267 Atqui
614 3187 742 3266 spiritus
754 3187 860 3265 legum
873 3202 928 3246 seu
939 3185 1046 3246 volun·

75 3294 115 3348 tas
123 3286 314 3368 legislatoris
325 3285 528 3363 cognoscitur
537 3301 575 3345 ex
587 3282 763 3345 rationibus
774 3282 877 3361 ip'sum
889 3283 928 3344 ad
941 3283 1044 3360 legem

100 3474 128 3533 (l)
142 3471 378 3533 Schmalzgrucber,
391 3469 496 3519 Dissert.
508 3465 672 3534 prooemialis.

102 3555 129 3614 lt)
144 3553 298 3604 Benedictus
314 3548 379 3611 XIV,
390 3549 424 3597 Da
438 3548 537 3612 Synodo
549 3547 697 3610 dioecesaaa,
710 3547 754 3598 lib.
774 3545 817 3609 lx,
829 3559 886 3608 cap.
901 3561 951 3596 xrv.

183 3654 206 3696 1.
908 3643 923 3688 Ξ
