2626 4258
434 325 507 371 PARS
528 321 689 371 SPECIALIS.

236 545 258 594 1.
279 537 398 602 Episcopo
414 535 525 586 succedit
535 535 684 598 capitulum,
695 535 751 587 sede
762 543 880 592 vacante.

111 705 135 764 1.
147 697 313 780 Multiplici
323 695 407 757 medo
416 693 493 756 sedes
502 704 597 758 occat.
611 729 651 740 -
660 696 784 775 Proprie
791 703 879 761 vacat
892 717 949 778 per
962 718 1046 762 mor·

71 808 148 874 tem,
162 801 210 861 vel
222 797 501 874 renuntiationem,
520 799 568 860 vel
588 798 836 876 translationem,
857 801 905 862 vel
922 801 1047 882 deposi-

70 902 193 966 tionem
203 897 364 976 Episeopi'.
697 907 700 922 ·

112 1002 142 1058 2.
161 997 258 1060 Sedes
275 995 392 1058 dicitur
409 995 558 1076 inpedito,
586 996 712 1076 quaudo
732 997 918 1076 Episcopus
934 999 963 1059 vi
994 1017 1048 1060 ex-

71 1103 163 1160 terna
177 1095 360 1174 impeditus
379 1111 494 1156 munus
509 1111 600 1156 suum
625 1111 772 1156 exercere
783 1096 905 1174 nequit.
925 1099 985 1159 Pro
1000 1098 1048 1158 di-

72 1213 162 1257 verso
177 1212 251 1256 casu
265 1195 424 1256 servandae
443 1199 515 1256 sunt
528 1194 646 1273 regulae
659 1199 826 1274 sequentes
840 1214 847 1256 ε

113 1291 228 1364 Primo,
242 1291 422 1370 jurisdictio
437 1293 473 1352 ad
493 1291 667 1370 capitulum
688 1290 872 1364 devolvitur,
889 1309 962 1352 eum
974 1291 1051 1370 Epi-

75 1408 189 1470 scopus
203 1407 220 1448 a
236 1388 365 1468 paganis
385 1390 433 1450 vel
457 1389 615 1450 haereticis
640 1389 688 1450 vel
713 1388 922 1468 schismaticis
936 1384 1050 1468 'captus

76 1495 131 1564 est,
148 1489 193 1550 ita
209 1493 243 1550 ut
266 1487 334 1548 fieri
356 1493 494 1566 nequeat
508 1485 757 1550 communicatio
782 1487 865 1548 inter
888 1487 993 1566 ipsum
1018 1493 1050 1548 et

77 1589 282 1661 dioecesanos,
298 1587 572 1665 nequereliquerit
584 1585 737 1648 vicarium
753 1587 931 1664 generalem
941 1585 995 1664 qui
1005 1585 1050 1645 in-

76 1687 168 1750 terim
184 1684 346 1746 dioeeesim
360 1685 571 1746 administret.
657 1713 660 1717 ·

117 1781 261 1856 Secundo,
287 1782 319 1842 id
345 1800 409 1844 non
434 1787 480 1844 est
503 1781 746 1860 intelligendum
774 1781 813 1842 de
840 1799 913 1842 eesu
932 1781 965 1841 in
988 1800 1051 1860 quo

77 1881 285 1960 Episcopusa
308 1885 465 1960 potestate
486 1879 570 1942 ciuili
594 1880 626 1940 in
644 1895 805 1940 carcerem
828 1881 1050 1959 conjiceretur.

77 1982 152 2042 Haec
166 1979 319 2040 sententia
333 1982 442 2040 Romae
456 1979 596 2057 practice
611 1977 826 2056 adoptatefuit
838 1979 890 2058 (t).
916 2014 918 2016 -

120 2078 230 2154 Tertio,
246 2077 271 2138 si
280 2078 433 2140 meriatur
442 2077 554 2138 unicus
570 2076 703 2138 vicarius
715 2076 882 2154 generalis
894 2077 1052 2156 Episcopo

77 2178 109 2238 in
122 2175 251 2238 remotis
265 2181 388 2254 agente,
406 2177 445 2238 ad
462 2175 579 2238 Sedem
592 2175 808 2252 Apostolicam
823 2167 1053 2238 recurrendum

79 2281 134 2338 est.

107 2373 231 2448 Quarto,
243 2372 572 2452 Episcoposuspenm,
583 2371 830 2449 capitulumnon
839 2371 1050 2447 administrat;

77 2489 187 2534 verum
211 2471 324 2532 Sancta
341 2471 437 2532 Sedes
461 2469 616 2532 vicarium
637 2469 849 2549 apostolicum
875 2470 1052 2531 constituit.

118 2569 158 2628 ΙΙ.
171 2568 252 2628 Sede
267 2567 396 2646 proprie
415 2571 557 2639 recente,
587 2585 624 2628 ex
633 2567 706 2646 jure
719 2567 850 2645 antiquo
867 2559 904 2628 'ct
918 2568 1052 2629 Triden-

77 2665 159 2739 tino,
173 2665 224 2742 jus
239 2665 499 2729 administrandae
524 2665 671 2726 dioecesis
686 2667 724 2726 ed
751 2665 925 2744 capitulum
946 2667 1054 2728 devol-

78 2763 174 2835 vitur,
188 2763 250 2824 sive
257 2763 438 2842 jurisdictio
450 2763 582 2841 incipiat
594 2763 627 2822 in
638 2763 777 2840 capitulo
786 2763 919 2834 existere
929 2765 1055 2842 quande

77 2860 217 2922 moritur
241 2861 427 2938 Episcopus,
456 2861 519 2935 sive
542 2861 610 2940 jam
634 2860 839 2923 habitualiter
864 2861 897 2921 in
917 2861 1056 2938 capitulo

79 2956 230 3031 existens,
245 2963 321 3020 tunc
344 2957 377 3021 in
396 2976 433 3019 eo
449 2959 667 3021 consolidetur
681 2964 713 3020 et
725 2963 864 3020 transeat
879 2958 916 3018 ad
936 2963 1052 3021 aetum.

120 3055 260 3134 Tempus
269 3056 501 3118 attendendum
516 3061 575 3118 est.
588 3053 930 3136 EquidemJ'urisdietio
943 3053 1057 3116 transit

78 3155 114 3216 in
136 3153 312 3232 capitulum
327 3154 397 3234 ipso
420 3158 595 3227 momento,
624 3171 687 3231 quo
709 3153 885 3232 Episcopus
909 3151 1056 3228 decessit,

77 3256 136 3314 aut
154 3269 219 3314 suae
233 3252 448 3314 translationis
463 3250 683 3314 testimonium
698 3251 826 3329 accipit,
840 3255 894 3312 aut
904 3249 1059 3312 sententie

79 3349 291 3430 depositienis
317 3349 551 3429 pronuntiatur.
569 3351 686 3411 Verum
705 3349 743 3410 ad
768 3353 957 3426 potestatem
971 3347 1059 3410 licite

77 3448 306 3520 exercendam,
317 3446 489 3527 capitutum
506 3453 631 3510 tenetur
646 3451 812 3526 expectare
825 3443 972 3511 notitiam
985 3461 1058 3507 eer-

111 3623 149 3688 (1)
164 3623 203 3670 ita
219 3634 270 3669 rem
287 3618 406 3668 decidunt
424 3619 483 3671 Pius
500 3619 552 3682 vil,
569 3617 702 3682 Gregorius
715 3617 777 3680 XVI,
793 3619 851 3669 Pius
864 3619 907 3668 Vll
918 3631 977 3682 erga
988 3615 1060 3680 Epis·

73 3700 424 3766 copusriolenterexpulsos.
501 3764 503 3770 Ι
