2626 4258
17 3623 62 3716 Χ

225 311 276 358 170
391 309 547 355 ΕΧΡο81Τ10
566 307 745 354 ΜΕΤΠΟΒῙΟΑ
766 307 848 352 tultis
869 306 1027 352 Canchlei.

264 432 293 490 l.
310 425 469 488 Prioribus
479 427 629 490 Ecclesia
640 425 772 501 saeculis
787 442 904 488 nomen
917 423 1118 486 canonicorum
1131 425 1198 486 cle·

223 526 296 588 ricis
318 525 465 587 omnibus
487 543 657 586 commune
669 525 738 598 fuit,
755 530 822 585 tum
843 525 916 603 quia
931 523 1044 586 canoni
1057 541 1111 584 seu
1124 539 1197 583 ma·

126 693 127 696 ¹
223 624 344 686 triculae
368 622 518 684 Ecclesiae
547 623 824 696 adscribebantur,
845 627 914 684 tum
939 622 1014 702 quia
1040 639 1078 682 ex
1103 619 1197 682 bonis

224 719 447 783 ecclesiasticis
466 719 665 798 accipiebant
684 737 838 782 canonem
853 739 908 782 seu
933 725 1054 780 certam
1072 719 1197 798 portio·
1295 713 1296 728 ¹

223 836 308 890 nem,
326 823 393 879 tum
411 817 484 896 quia
501 817 558 878 sub
578 835 698 879 canone
712 835 767 879 seu
780 820 888 896 regula
903 818 999 880 vitam
1017 817 1163 897 agebant.

262 916 366 979 Media
382 920 475 978 aetate
489 915 620 976 cononici
634 915 736 978 vocati
754 920 827 977 sunt
841 917 862 976 ii
882 917 952 990 soli,
976 916 1029 995 qui
1053 932 1199 978 commu·

223 1033 298 1077 nem
317 1015 413 1076 vitam
436 1013 647 1076 sectabantur.
662 1016 729 1076 Hoc
745 1031 838 1076 sensu
852 1015 1108 1094 chrodogangus,
1122 1013 1201 1091 Epi·

225 1129 339 1189 scopus
354 1109 514 1185 Maiensis,
531 1111 563 1170 in
575 1111 731 1172 saeculorx
746 1111 914 1174 canonicos
931 1109 1102 1172 instituisse
1116 1107 1201 1168 dioi-

224 1215 286 1284 tur,
321 1210 398 1270 dum
434 1208 568 1287 collegia
600 1209 789 1270 clericorum
819 1211 857 1272 ad
897 1209 993 1271 vitam
1021 1209 1201 1286 regularem

225 1307 366 1369 adduxit.
378 1296 1203 1369 Vitaeeommunisinstitutumcolueruntlereomnia
1296 1297 1297 1306 ’

225 1406 359 1485 collegia
372 1406 619 1480 canonicorum
635 1407 787 1484 paulatim
810 1423 883 1468 vero
897 1405 1032 1478 corruit,
1048 1409 1079 1465 et
1090 1405 1122 1464 in
1142 1421 1202 1464 sae-

225 1505 297 1567 culo
315 1520 347 1566 m
370 1504 448 1564 illud
467 1503 642 1566 instaurare
655 1503 761 1564 conati
783 1509 855 1566 sunt
872 1503 929 1566 viri
950 1502 1067 1581 pietate
1080 1507 1113 1564 et
1126 1502 1204 1563 doc·

179 1623 181 1626 ’
224 1602 305 1664 trina
321 1601 470 1681 insignes.

265 1702 334 1762 Non
348 1717 459 1764 omnes
474 1699 582 1762 clerici
605 1699 644 1760 ab
670 1716 705 1761 ea
722 1699 845 1761 vivendi
860 1700 962 1761 torma
983 1703 1201 1773 recesserunt;

225 1799 309 1860 unde
323 1799 440 1876 duplex
457 1798 586 1860 emersit
602 1799 682 1860 ordo
699 1798 927 1860 canonicorum
942 1818 949 1858 :
964 1797 1061 1876 aliqui
1082 1803 1203 1860 statum
1297 1791 1298 1794 ’

224 1896 404 1958 clericalem
420 1911 494 1956 eum
519 1896 580 1957 vita
601 1896 777 1958 monastiea
794 1897 1038 1974 conjunxerunt,
1054 1901 1084 1956 et
1106 1913 1205 1975 prop-

224 2000 311 2056 terea
322 1992 827 2072 canonicirepolaresappellantur.
837 1993 949 2056 Gaeteri
959 2000 1065 2054 autem
1078 1993 1202 2066 clerici,

225 2091 279 2172 qui
294 2091 419 2169 abjecta
443 2090 506 2152 vita
530 2090 694 2152 communi
711 2090 774 2152 suis
795 2091 828 2152 in
854 2091 1001 2154 domibus
1023 2091 1139 2169 singuli
1162 2091 1205 2154 vi·
1298 2134 1299 2144 ,

225 2195 312 2263 vunt,
331 2189 481 2250 dicuntur
492 2188 625 2249 canonici
636 2188 802 2250 saeculares.

265 2291 294 2349 2.
312 2285 433 2349 Nomen
448 2286 575 2368 capituli
596 2287 765 2363 derivatur,
788 2289 834 2350 vel
855 2306 892 2350 ex
914 2277 1099 2352 monasticis
1113 2288 1206 2349 insti-

226 2388 314 2462 tutis,
332 2403 468 2463 quorum
482 2387 617 2448 formam
633 2391 664 2446 et
674 2386 825 2448 voeabula
836 2387 982 2450 canonici
997 2391 1202 2465 usurparunt,

226 2487 273 2548 vel
290 2503 329 2547 ex
346 2502 384 2546 eo
402 2485 488 2562 qnod
504 2484 564 2562 ipsi
586 2499 684 2544 unum
710 2499 783 2546 cum
799 2484 957 2564 Episcopo
968 2503 1093 2564 corpus,
1110 2485 1204 2563 quasi

227 2583 352 2662 potiora
375 2581 520 2644 membra
543 2599 616 2644 cum
632 2581 747 2660 capite,
772 2583 979 2644 constituant.
1001 2583 1089 2646 Sicut
1115 2584 1205 2644 enim
1298 2625 1299 2628 ,

226 2681 402 2760 Episcopus
424 2687 513 2761 caput
533 2697 588 2740 sou
611 2680 760 2760 princeps
785 2681 928 2743 ecclesiae
957 2680 1131 2756 dicebatur,
1161 2682 1204 2742 ita

227 2779 399 2858 collegium
413 2779 641 2840 canonicorum
657 2778 719 2838 diei
734 2777 839 2856 potuit
855 2778 1025 2860 capitulum,
1047 2779 1137 2858 quasi
1152 2797 1205 2840 ca-

227 2881 285 2956 put
301 2876 431 2940 secundi
447 2876 580 2948 ordinis,
602 2881 635 2938 et
654 2881 726 2953 post
743 2875 936 2956 Episcopum
954 2895 1049 2956 supra
1069 2883 1204 2942 caeteros

227 2974 360 3038 clericos
376 2974 544 3036 excellens.

443 3161 468 3209 2,
482 3156 551 3208 Finis
561 3158 733 3220 Capitulorum
747 3159 928 3210 cathedralium
945 3161 990 3222 (l).

266 3303 354 3365 Finis
366 3302 535 3382 primarius
551 3303 762 3381 capitulorum
786 3302 959 3364 innotescit
982 3308 1051 3366 tum
1075 3321 1114 3365 ex
1137 3305 1207 3366 illo·

227 3419 299 3464 rum
314 3401 446 3478 origine,
471 3405 540 3461 tum
564 3417 602 3460 cx
617 3401 735 3462 recenti
751 3399 902 3470 Ecclesiae
918 3401 1099 3481 disciplina.

267 3499 292 3559 1.
307 3498 449 3575 Capitula
474 3498 669 3560 cathedralia
687 3500 823 3561 'fuerunt
847 3498 1002 3576 instituta,
1025 3507 1059 3564 ut
1073 3503 1204 3582 Episco-

261 3655 294 3718 (1)
307 3655 426 3706 Analecta
433 3653 499 3716 luris
508 3653 627 3716 pontificii
641 3671 648 3704 ι
661 3655 706 3707 des
718 3654 852 3724 ctapttres
864 3633 1028 3711 cutbddraus.
