2630 4250
456 215 530 260 PARS
551 215 714 261 ennomus·
1020 215 1074 264 itt

98 333 241 394 subditos
255 333 295 394 ad
310 331 450 394 debitam
465 331 679 396 obedientiam
692 333 818 396 vinculo
832 333 984 396 strictiori
996 335 1076 398 ohli-

99 436 181 511 gant.
198 432 286 492 Istud
304 429 496 492 obedientie
507 431 725 508 juramentum
738 437 890 510 praestant
906 452 914 492 :

137 533 165 590 t.
181 529 422 590 Promovendus
433 528 473 588 ad
489 528 720 607 Episcopatum
734 529 793 609 (t);

135 629 166 688 ἢ.
179 625 300 687 Provisi
314 627 354 686 de
366 625 555 687 canonicatu
569 627 618 687 vel
631 627 671 688 de
684 625 841 689 beneflcio
855 632 965 690 curato
978 626 1038 708 (¹2);

135 727 165 786 3.
179 723 305 785 Praelati
318 725 477 802 regulares
492 723 535 801 (3)
548 740 557 799 ;

134 827 166 883 4.
176 821 548 901 Ducentestheologiam,
559 821 864 904 philosophiam‚jus
872 824 1072 902 canonicum,

51 922 53 928 '
97 919 432 998 aliasquediseiplinas
449 918 503 999 (t).

134 1019 292 1080 Praeterea
314 1035 437 1094 omnes,
460 1019 515 1099 qui
533 1020 572 1080 ad
596 1019 811 1082 sacerdotium
832 1024 1070 1098 promoventur,

97 1115 310 1179 obedientiam
332 1117 517 1178 canonicam
538 1118 697 1197 Episcopo
720 1118 899 1180 dioecesano
915 1117 1073 1195 spondent

97 1213 290 1292 (Pontificale
301 1213 500 1290 Romanum).
514 1215 551 1278 vi
563 1215 657 1294 hujus
665 1214 895 1294 promissionis,
911 1213 1074 1293 presbyter

97 1309 131 1372 e‘a
141 1313 211 1392 lege
224 1313 307 1374 inter
322 1313 396 1373 alias
409 1313 627 1392 adstringitur,
641 1318 677 1375 ut
690 1331 708 1373 a
720 1313 849 1375 servitio
860 1312 1009 1374 Ecclesiae
1020 1311 1072 1372 eui

97 1408 239 1470 addictus
265 1409 371 1484 fuerit,
400 1409 564 1472 discedere
581 1415 719 1489 nequeat
741 1411 809 1474 sine
832 1409 961 1472 licentia
977 1407 1069 1486 Epis·

98 1506 163 1584 copi
181 1505 239 1587 (5).

423 1677 686 1750 mucimus
713 1657 745 1748 ri

309 1831 356 1882 De
375 1829 572 1884 hierarchia
583 1829 850 1896 jurisdictionis.

236 1991 391 2034 Pcomlluu.
404 2007 439 2020 —·
455 1994 542 2035 vsmu
557 1995 659 2034 srscms
671 1993 876 2036 rumsurcuonus
886 1980 935 2048 (6).

131 2121 315 2184 iurisdictio
340 2121 554 2184 ecclesiastica
574 2126 621 2184 est
637 2130 765 2203 potestas
785 2121 906 2203 rependi
923 2119 1023 2204 fideles
1040 2129 1071 2180 et

97 2217 260 2280 Ecclcsz'cm.
271 2219 327 2282 'Ad
343 2219 434 2280 istam
451 2219 682 2295 definitionem,
706 2238 777 2299 quae
793 2237 866 2282 curn
882 2217 1067 2280 definitione

97 2317 254 2392 potestatis
270 2317 395 2379 Ordinis
407 2317 570 2396 proposita
584 2315 654 2392 init,
675 2317 854 2378 reseruntur
868 2316 961 2377 variae
973 2313 1069 2394 juris·
1173 2329 1178 2340 ’

98 2413 238 2475 dictionis
253 2415 453 2493 partitiones

130 2513 151 2573 1.
171 2512 302 2574 Ratione
315 2512 374 2573 iori
392 2512 467 2592 (quo
487 2511 617 2573 nomine
633 2511 816 2592 designatur
828 2513 917 2574 locus
928 2511 1068 2592 judicio-

98 2626 157 2670 rum
169 2611 217 2672 vel
234 2609 330 2672 etiam
340 2610 472 2689 justitiae
488 2609 700 2685 exercitium),
717 2609 899 2688 jurisdictio
914 2607 975 2668 alia
989 2606 1067 2667 dici·
1102 2659 1105 2665 .

98 2711 141 2767 tur
155 2707 219 2788 jori
236 2708 353 2781 interni,
370 2709 431 2768 alia
442 2707 506 2788 sori
518 2707 646 2769 esterni.
666 2704 1006 2768 Hancdistinotioncm
1020 2703 1069 2762 in·

98 2803 158 2866 nuit
170 2807 239 2884 ipsa
250 2805 482 2886 Jurisdictionis
497 2805 651 2868 definitio.

130 2905 313 2967 iurisdictio
336 2904 399 2985 sori
420 2903 529 2980 r'nterni
550 2910 680 2966 vocatur
705 2921 752 2980 ea,
778 2919 849 2983 quae
866 2897 1063 2981 primarioet

98 3000 206 3066 directe
225 3004 361 3065 refertur
373 3003 411 3064 ad
427 3002 581 3083 privatam
596 3003 844 3082 uniuscujusque
859 2997 961 3060 fidelis
975 2995 1063 3057 utili-

124 3163 153 3223 (1)
168 3163 306 3214 Concilium
317 3163 502 3227 Tridentinum,
517 3179 576 3216 sose
587 3165 664 3224 XXV,
673 3177 728 3224 cap.
741 3175 771 3211 rr.

123 3241 152 3304 c)
165 3243 217 3304 id.,
230 3243 391 3305 sess.XX1V,
403 3257 458 3306 cap.
476 3257 521 3296 ιιι.

24 3339 25 3362 r
124 3324 152 3384 (3)
162 3323 199 3372 Pii
210 3323 239 3372 tv
249 3330 330 3372 const.
345 3323 498 3386 injunctum.

24 3435 26 3480 ἲ
125 3401 324 3462 trtrichonst.
338 3403 511 3452 socrosancta.
595 3403 600 3411 “

24 3487 26 3496 “
124 3481 151 3541 (5)
163 3481 287 3532 Benedicti
300 3481 356 3532 XIV
369 3491 450 3532 const.
468 3481 511 3531 ltu
524 3494 573 3546 quo
587 3477 707 3530 dilectus.

124 3561 153 3621 (tt
163 3562 272 3622 Berardi,
286 3561 474 3612 commentaria
484 3561 564 3624 injus
572 3559 777 3621 ecclesiasticum,
787 3563 846 3610 tom.
863 3556 883 3617 1,
897 3555 996 3606 dissert.
1021 3587 1028 3602 .
