2630 4250
210 233 263 283 lbO
375 235 533 282 exrost‘rlo
555 233 732 282 abraames
752 227 836 282 tubis
858 235 1015 284 oenomai.

206 327 300 434 hujus
313 353 485 434 potestatis.
505 353 623 415 Verum
639 367 704 414 non
719 353 823 414 omnis
835 354 955 415 lunatio
968 359 1184 454 sacramenta-

106 533 110 544 ·
205 451 243 513 lis
258 452 366 514 statim
383 452 422 512 ad
437 449 562 513 Ordinis
582 457 772 532 potestatem
789 453 966 514 revocanda
980 458 1043 527 est3
1062 452 1182 515 etenim

245 549 366 611 Dicitur
382 551 423 610 2⁰.
450 549 498 609 Ad
514 549 666 610 Ordinem
688 549 828 628 pertinet
844 551 910 611 sola
932 549 1115 629 hujusmodi
1128 568 1186 630 po-

204 649 290 704 testas
306 662 325 702 α
339 641 459 704 Christo
485 641 531 703 cel
552 641 588 702 ab
602 642 736 704 Ecclesia
755 641 847 703 alicui
860 641 996 703 ordinum
1008 641 1120 724 predari
1128 643 1190 702 an-'

203 759 289 802 neec.
311 741 388 800 Nam
412 739 483 802 laici
505 746 638 819 possunt
663 741 821 820 privatum
842 739 1036 819 baptismum
1060 741 1093 800 in
1106 738 1186 802 c'asu

203 837 408 912 necessitatis,
425 854 551 899 necnon
570 837 742 916 (siquidem
754 837 892 900 ministri
907 843 980 900 sunt
992 839 1187 902 contrahen-

203 939 261 1009 tes)
283 941 517 997 sacramentum
538 936 732 998 matrimonii
756 936 953 1011 ministrare;
975 953 1086 998 verum
1110 938 1185 999 baec
1283 975 1284 1006 t

204 1039 352 1114 potestas,
369 1051 443 1096 oum
457 1051 521 1096 non
534 1035 628 1096 luerit
643 1034 807 1096 ordinibus
822 1035 957 1115 alligata,
979 1052 1043 1096 non
1063 1041 1110 1096 est
1121 1053 1187 1114 po·
1283 1091 1284 1114 p

203 1137 299 1194 testas
312 1133 442 1194 ordinis.
461 1135 610 1194 Attamen
631 1132 897 1218 suntclunetiones
916 1149 1023 1205 sacra,
1041 1133 1080 1193 ad
1103 1151 1186 1210 quas
1283 1115 1284 1206 l

205 1229 367 1291 obeundas
380 1231 459 1291 ordo
476 1247 541 1290 non
555 1230 682 1305 suflicit,
700 1231 755 1291 sed
770 1235 925 1309 praterea
944 1231 1080 1309 exigitur
1088 1229 1189 1308 juris·
1283 1207 1284 1276 ἶ

205 1327 320 1402 dieti03
343 1327 390 1390 sic
403 1327 635 1390 administratio
658 1327 858 1390 Poenitentiae
878 1327 1013 1408 requirit
1035 1328 1187 1390 ordinem
1283 1359 1284 1384 t

203 1425 326 1487 ratione
341 1426 540 1500 sacramenti,
558 1431 589 1488 et
597 1425 855 1506 jurisdictionem
869 1427 992 1488 ratione
1003 1427 1132 1506 judicii.

242 1524 365 1586 Dicitur
384 1528 427 1585 3⁰.
445 1526 519 1585 Haec
535 1529 675 1602 potestas
688 1523 732 1586 ita
746 1523 912 1586 ordinibus
928 1523 1114 1585 immediate
1131 1541 1191 1587 co·

203 1623 312 1696 haeret,
321 1627 354 1683 ut
361 1640 472 1702 semper
479 1620 573 1682 aalide
579 1630 760 1683 coerceatur.
774 1621 953 1693 Ouae‘solius
963 1625 1036 1681 sunt
1045 1620 1185 1698 ordiniS,
1283 1695 1284 1718 .

203 1721 241 1780 ad
262 1721 403 1782 valorem
424 1739 489 1782 non
505 1721 634 1800 exigunt
655 1719 904 1798 deputationem.
926 1718 987 1780 Sed
1000 1715 1188 1798 Jurisdictio
1283 1723 1284 1762 i

171 1870 173 1874 .
200 1818 372 1897 requiritur
385 1819 423 1879 ad
437 1817 617 1898 legitimum
628 1817 814 1878 exercitium
827 1816 960 1879 ordinis

240 1916 279 1975 Il.
304 1915 381 1976 Inde
413 1915 593 1993 colligitur,
623 1915 742 1996 quinam
767 1916 933 1976 siclaetus
951 1915 1186 1998 jurisdictionis.

200 2011 358 2076 Videlicet
368 2012 561 2091 jurisdictio,
575 2017 729 2091 quatenus
746 2015 896 2092 potestati
911 2015 1037 2075 Ordinis
1051 2015 1189 2093 opponi·
1283 2019 1284 2022 ’

200 2116 260 2181 tur,
288 2127 353 2170 non
381 2115 428 2170 est
450 2109 511 2169 nisi
537 2110 679 2188 legitima
702 2111 866 2188 deputatio
889 2111 928 2170 ad
952 2111 1078 2190 aliquos
1094 2119 1191 2174 actus

200 2207 423 2286 perficiendos,
439 2207 493 2286 qui
508 2223 573 2268 non
585 2207 693 2269 stricte
709 2209 748 2268 ad
764 2213 953 2287 potestatem
965 2209 1093 2271 Ordinis
1107 2227 1183 2290 per·
1205 2239 1208 2244 ·
1283 2213 1284 2216 ’

201 2305 312 2368 tinent.
330 2305 466 2367 Proinde
480 2307 518 2366 ad
532 2305 790 2384 jurisdictionem
813 2325 877 2366 non
895 2313 1017 2368 tantum
1036 2314 1181 2386 potestas
1283 2333 1284 2336 ¹

200 2403 384 2484 legislativa,
392 2404 786 2484 judiciariaetcoereitiva‚
801 2405 855 2465 sed
865 2405 960 2466 etiam
970 2412 1180 2468 omnesaotus
1283 2449 1284 2452 ,

200 2501 390 2576 reseruntur,
419 2502 458 2561 ad
482 2518 562 2580 quos
583 2501 748 2579 ponendos
767 2501 936 2563 auctoritas
960 2503 1180 2565 ecelesiastica

199 2599 389 2660 intervenire
403 2593 511 2662 debet.

239 2697 320 2757 Illud
335 2696 368 2756 in
382 2695 531 2756 societate
546 2695 716 2756 christiana
731 2704 880 2771 servatur,
901 2702 936 2758 ut
959 2697 1064 2758 omnis
1075 2699 1176 2778 juris·

200 2793 298 2858 dictio
317 2810 414 2872 penes
432 2791 595 2854 Ecclesiam
612 2803 757 2874 repentem
771 2795 856 2856 velut
873 2795 906 2855 in
921 2812 978 2856 suo
999 2795 1087 2858 fonte
1100 2813 1176 2858 con-

199 2891 285 2952 clusa
304 2891 451 2954 resideat.
465 2892 513 2952 Ad
531 2892 671 2972 singulos
682 2893 845 2956 derivatur
855 2911 913 2972 per
927 2895 1100 2973 specialem
1113 2897 1176 2958 lco-

199 2989 303 3052 clesiae
317 2989 560 3071 injunctionem.

545 3229 546 3232 ¹
595 3195 723 3258 CAPUT
743 3197 771 3258 11

491 3349 674 3399 ”incultu
687 3347 859 3400 ordinum.

239 3495 415 3560 Concilium
437 3497 660 3560 Tridentinum
685 3501 802 3564 docet:
823 3502 928 3564 «eum
951 3501 1057 3562 divina
1070 3519 1120 3564 res
1133 3501 1175 3564 sit

199 3601 266 3662 tam
285 3593 387 3660 sancti
410 3593 578 3659 sacerdotii
592 3595 815 3676 ministerium,
834 3605 1083 3663 consentaneum
1102 3599 1173 3676 luit,
