2626 4258
497 284 571 332 raas
593 249 755 336 sancitus,
788 247 791 258 ¹
1066 291 1116 338 aes

142 405 327 479 uniformes,
345 405 513 466 eliormant
535 421 681 466 normam
702 405 838 469 aliorum
854 405 1063 470 tribunalium
1086 413 1117 471 et

143 503 259 584 stylum
273 501 439 584 curiae(t).
712 507 713 510 ’

471 681 498 728 2.
517 677 622 728 Camers
636 677 784 741 apostoliea.

182 834 312 896 Camera
331 833 515 913 Apostolica
529 813 702 914 praeficitui
716 817 871 896 reditibus
888 835 1117 914 temporalibus

142 933 180 992 R.
204 933 377 994 Pontificis.
408 933 564 994 cardinali
583 933 762 996 Camerario
781 933 914 994 subsunt
935 933 1114 1009 Auditores,

143 1030 369 1091 'thesaurarius
384 1037 415 1092 et
429 1032 589 1094 oliiciales.

183 1129 353 1190 Auditores
369 1131 507 1191 Gamerae
528 1129 723 1192 constituunt
737 1129 906 1208 aliquando
925 1128 1064 1191 tribuual
1076 1131 1115 1193 ad

148 1228 302 1309 quasdam
316 1245 423 1289 causas
434 1228 634 1306 judicandas.
902 1222 904 1227 ’

480 1427 503 1476 3.
516 1427 648 1489 signatura
666 1427 777 1490 justitie.

183 1583 402 1645 Referendarii
422 1584 670 1664 supplicationes
699 1583 759 1646 sibi
786 1589 947 1662 porrectas
970 1584 1117 1646 Pontifici

145 1681 312 1760 signandas
326 1681 495 1744 tradebant
516 1700 670 1761 casuque
692 1683 806 1744 iisdem
827 1683 1030 1744 annuendum
1049 1699 1116 1744 esse

143 1779 326 1842 censebant.
342 1780 419 1840 Inde
439 1779 594 1857 originem
617 1780 705 1842 ducit
719 1780 803 1840 istud
818 1780 976 1854 tribunal;
992 1797 1066 1840 nam
1080 1797 1119 1840 ex

142 1877 231 1940 hisce
264 1878 487 1940 referendariis
522 1895 693 1957 progressu
728 1877 883 1956 temporis
917 1878 1118 1941 efformatum
1203 1944 1204 1948 ,
1262 1907 1263 1910 ¹

142 1977 204 2037 fuit
221 1977 402 2054 collegium,
419 1977 521 2038 causis
539 1976 578 2037 ab
597 1977 733 2038 invicem
755 1977 841 2056 jussu
859 1977 1036 2040 innocentii
1049 1978 1119 2038 VIII

143 2075 190 2136 ita
206 2075 367 2154 separatis,
381 2080 416 2136 ut
437 2093 540 2138 causae
552 2075 683 2154 justitiae
696 2075 736 2136 ad
751 2075 943 2152 signaturam
956 2075 1050 2153 hujus
1060 2093 1119 2136 no-

144 2172 251 2245 minis,
272 2189 375 2234 eausaa
389 2189 463 2235 vero
484 2173 593 2252 gratiae
607 2174 646 2234 ad
669 2173 763 2234 aliam
778 2172 972 2252 signaturam
990 2189 1117 2234 revoca·

144 2279 264 2334 rentur.

183 2365 390 2446 Ampli'ssima
420 2366 480 2426 fuit
505 2365 595 2428 istius
624 2365 791 2427 tribunalis
817 2371 972 2445 potestas.
998 2369 1117 2430 Verum

140 2467 230 2546 juxta
249 2464 373 2544 praxim
394 2463 582 2525 hodiernam
602 2463 635 2522 in
649 2463 807 2525 nonnullis
824 2469 948 2525 tantum
961 2465 1074 2542 causis,
1092 2467 1117 2526 si

145 2581 182 2624 ex
195 2564 271 2625 orbe
284 2561 441 2623 catholico
457 2561 533 2621 illuc
548 2561 738 2634 deierantur,
755 2561 919 2640 judicandi
935 2563 1117 2624 facultatem

143 2661 249 2736 habet,
268 2679 296 2722 v.
314 2679 344 2740 g.
361 2661 400 2722 de
417 2659 655 2720 inviolabilitate
673 2659 934 2738 appellationum.

622 2782 637 2861 l

321 2859 435 2918 ansrro
450 2859 487 2908 2⁸.
503 2885 533 2894 —-
546 2859 583 2908 Du
594 2830 774 2908 Talauuanraus
786 2868 879 2906 cuturn
890 2855 934 2921 (t).

185 3018 262 3079 Cum
277 3016 386 3096 gratiae
402 3017 595 3078 avoluntate
616 3015 772 3095 Principis
791 3017 962 3096 pendeant,
974 3015 1119 3079 tribuna-

142 3115 185 3177 lia
197 3132 255 3194 pro
266 3115 327 3175 illis
347 3114 562 3176 concedendis
577 3120 683 3176 erecta
697 3133 762 3192 non
781 3117 845 3174 tam
861 3133 916 3176 sua
931 3115 1119 3177 auctoritate

142 3231 193 3276 res
205 3211 369 3287 decidunt,
388 3229 484 3291 quam
506 3213 673 3274 consilium
692 3204 789 3274 suum
799 3212 944 3274 Pontifici
960 3213 1115 3292 aperiunt.

144 3313 193 3376 Ad
206 3310 276 3371 haec
290 3309 460 3370 tribunalia
473 3309 632 3386 pertinent
645 3311 674 3373 l.
690 3311 855 3390 Signatum
869 3311 977 3390 gratiae
989 3329 999 3392 ;ι
1013 3315 1042 3373 2.
1058 3313 1118 3372 Da-

143 3408 239 3482 taria;
257 3409 287 3468 3.
302 3395 547 3468 Poenitentiaria.

175 3565 210 3628 (t)
225 3565 451 3626 schmalzgrueber,
463 3566 569 3615 Dies-ert.
580 3567 748 3630 prooemialis.
795 3548 797 3553 ¹

177 3647 211 3706 (2)
222 3644 336 3706 Phillips,
351 3645 396 3694 Jus
411 3645 643 3708 ecclesa'osttcum,§
658 3649 711 3696 120.
735 3705 739 3717 ¹
