2626 4258
482 291 554 335 PARS
576 291 739 338 SPECIALIS.
1046 296 1095 340 375

117 425 218 468 metesa
231 407 386 490 episcopali
388 426 402 486 ,·
415 409 455 468 ad
469 408 644 488 capitulum
659 409 686 469 si
703 426 741 470 cx
756 427 852 470 mensu
866 408 1028 490 capitulari
1031 429 1044 487 ‚·
1056 411 1096 472 ad

109 511 292 585 ‚utrumqne
314 507 339 568 si
358 525 395 568 ex
412 505 505 568 bonis
529 507 752 568 communibus
777 507 956 584 praebendae
981 509 1098 571 luerint

117 605 315 666 constitutae.
345 605 473 678 Quoties
499 622 602 682 neque
623 605 826 666 documentis
849 623 952 683 neque
974 623 1096 685 posses-

118 702 210 763 sione
225 703 336 781 liquet,
354 703 545 781 quibusnam
560 696 651 763 bonis
666 703 805 763 fundatae
819 703 936 764 suerint
950 705 1098 782 praeben·

120 801 172 860 dae
199 801 389 877 canoniales‚
421 806 656 880 praesumuntur
686 819 723 864 ex
750 801 842 864 bonis
872 803 1097 866 communibus

117 897 213 960 initio
227 898 378 961 fundatae.

358 1085 434 1135 Deles
450 1084 481 1133 ad
497 1083 657 1134 obtinendum
671 1084 851 1136 canonicatum.

163 1242 272 1304 Multae
285 1242 375 1303 dotes
389 1241 421 1300 in
436 1241 597 1302 canonicis
614 1242 837 1322 requiruntur:

163 1342 187 1401 l.
205 1337 310 1400 Status
325 1339 477 1416 clericulis,
497 1345 528 1402 et
545 1341 577 1400 in
592 1341 738 1420 capitulis
758 1339 991 1418 cathedralibus
1005 1326 1100 1402 cartus

122 1437 206 1499 ordo.
235 1439 300 1498 «In
327 1437 476 1498 Ecclesiis
503 1439 736 1500 cathedralibus
758 1457 868 1500 omnes
897 1439 1099 1500 canonicatus

123 1536 262 1598 habeant
286 1553 444 1599 annexum
468 1537 614 1598 ordinem
639 1537 885 1618 presbyteratus,
917 1537 1100 1617 diaconatus

123 1635 173 1696 vel
188 1634 444 1695 subdiaconatus.
461 1635 599 1695 Dimidia
611 1637 721 1696 saltem
738 1653 808 1714 pars
824 1633 998 1714 presbyteri
1015 1633 1099 1706 sint;

124 1731 179 1793 ubi
197 1750 271 1793 vero
294 1734 493 1800 consuetudo
511 1733 700 1796 laudabilior
723 1733 830 1809 habet,
856 1738 890 1794 ut
912 1749 1021 1794 omnes
1040 1732 1102 1792 sint

124 1830 312 1913 presbyteri,
328 1831 458 1892 omnino
474 1830 656 1893 observetur
671 1831 724 1911 (1).
739 1854 753 1890 n

164 1930 201 1989 II.
218 1926 320 1990 AEtus.
337 1961 376 1972 —
401 1929 436 1988 ln
460 1930 610 1990 Ecclesiis
634 1929 866 1990 cathedralibus
884 1928 1055 2008 requiritur
1067 1934 1101 1989 ut

123 2025 267 2106 provisus
292 2024 392 2103 possit
406 2027 516 2086 saltem
532 2026 613 2086 inira
639 2044 756 2088 annum
782 2027 940 2106 suscipere
955 2025 1101 2088 ordinem

125 2140 250 2186 sacrum
272 2122 453 2202 praebendae
480 2141 648 2184 annexum.
674 2125 772 2203 Igitur
796 2142 854 2202 pro
875 2111 1104 2184 subdiaconatu

126 2220 288 2282 sufiiciunt
301 2223 340 2281 20
352 2219 426 2279 anni
445 2220 607 2298 completi,
629 2239 687 2298 pro
699 2221 867 2282 diaconatu
880 2225 1000 2299 21,pro
1013 2237 1103 2299 pras-

125 2319 269 2398 byteratu
294 2319 343 2379 23.
375 2317 583 2378 canonicatus
609 2335 716 2377 curam
746 2319 923 2378 animarum
952 2319 1104 2380 habentes

125 2416 314 2495 vigesimum
329 2421 477 2495 quartum
493 2414 593 2475 aetatis
609 2432 727 2474 annum
740 2417 910 2493 postulant.

167 2517 202 2576 ln
212 2515 390 2594 collegiatis
402 2520 476 2576 aetas
486 2517 523 2574 lt
535 2530 690 2574 annorum
702 2515 829 2590 suflicit,
841 2515 901 2575 nisi
914 2519 1018 2577 certus
1027 2517 1105 2578 crdo

130 2613 329 2676 canonicatui
342 2613 383 2673 sit
396 2613 575 2691 adjunctus.

132 2703 135 2712 ’
168 2712 221 2771 lll.
237 2709 353 2770 Morum
364 2709 496 2770 honestas
515 2712 656 2772 relucere
671 2709 766 2770 debet
780 2710 812 2770 in
823 2711 995 2786 canonicis,
1008 2712 1106 2792 siqui-

127 2811 204 2870 dem
223 2825 333 2870 eorum
350 2827 463 2870 munus
479 2815 527 2870 est
551 2808 746 2888 Episcopum
762 2808 921 2886 adjuvare,
942 2815 974 2870 et
997 2811 1105 2870 laudes

127 2907 250 2968 divinas
268 2907 457 2986 persolvere.
488 2907 579 2968 Unde
605 2905 781 2967 Concilium
796 2905 1016 2968 Tridentinum
1037 2909 1102 2969 ait:
1161 2893 1166 2905 ’

132 3027 148 3064 u
164 3007 209 3067 Ea
228 3007 409 3085 integritate
436 3023 563 3067 moriam
587 3005 746 3085 polleant,
775 3009 808 3067 ut
829 3005 1106 3069 meritolloolesiae

48 3121 55 3132 ·
129 3109 257 3166 senatus
277 3103 340 3163 dici
357 3103 519 3181 possint.»

170 3204 222 3265 IV.
241 3200 369 3262 Solantia
381 3201 564 3280 Theologiae
580 3207 611 3262 et
624 3203 798 3264 Canonum.
815 3201 892 3262 Cum
915 3201 999 3262 enirn
1012 3219 1107 3263 cano-

128 3301 194 3363 nici
211 3298 361 3361 Ecclesiae
381 3299 569 3360 cathedralis
584 3299 647 3360 sint
661 3299 810 3378 Episcopi
832 3299 1014 3374 consilium,
1032 3299 1109 3378 ipsis

129 3397 310 3461 necessaria
324 3401 371 3457 est
387 3401 454 3458 tum
471 3397 613 3458 doctrina
628 3398 701 3459 fidei
717 3403 748 3460 et
762 3413 898 3474 morum,
915 3403 983 3460 tum
994 3397 1110 3459 notitia

128 3496 210 3578 iuris
225 3493 439 3557 ecclesiastici.

167 3657 201 3718 (1)
214 3656 351 3708 Concilium
361 3653 540 3716 Tridentinum,
554 3667 615 3707 sess.
629 3653 715 3718 xxiv,
728 3669 782 3720 cap.
796 3669 842 3743 xu·¹
856 3656 889 3707 de
901 3657 1012 3714 Reform.
