2588 4272
412 302 486 350 PARS
507 299 687 350 audendus,
1013 303 1046 350 et

93 438 143 501 que
153 421 380 484 successoribus
392 421 528 484 contulit
541 426 729 500 potestatem
744 422 831 484 nulla
842 421 982 486 humana
993 437 1049 502 po·

92 524 188 582 testate
210 510 493 598 circumscriptam,
516 524 586 581 tum
611 537 748 582 canones
774 519 887 599 quibus
906 519 1048 583 concilia

91 617 227 680 deliniunt
248 619 388 678 Romano
405 615 552 679 Pontifici
573 617 690 700 plenam
706 623 879 698 potestatem
899 617 1046 696 divinitus

89 717 220 778 traditam
238 732 315 776 esse.

120 815 152 874 ll.
173 813 358 889 Quaestionem
373 811 450 894 sacti
463 813 586 874 solvunt
599 814 713 876 Suarez
728 818 759 876 et
771 815 962 878 Benedictus
977 817 1046 880 XIV

89 910 128 972 his
141 910 321 990 principiis:
1065 909 1067 914 ’

119 1011 143 1072 l.
156 1009 313 1072 Sententia
322 1013 434 1072 tenens
450 1009 601 1088 quasdam
615 1009 699 1088 leges
711 1011 889 1088 pontificias
901 1012 941 1072 ad
954 1011 1046 1073 disci·

88 1107 190 1184 plicam
203 1113 382 1187 spectantes
395 1109 434 1169 de
450 1108 533 1169 lacto
547 1125 611 1168 non
625 1109 732 1169 statim
752 1109 891 1189 obligare
902 1114 976 1172 ante
990 1126 1044 1176 ac·

88 1207 293 1284 reptationem,
313 1208 410 1270 modo
426 1207 488 1268 hoc
503 1205 661 1269 tribuatur
678 1207 787 1270 liberae
800 1209 953 1272 voluntati
966 1211 1045 1270 Pon-

87 1304 173 1378 tiicis,
189 1307 276 1368 licita
291 1310 348 1368 est.

117 1405 140 1465 t.
159 1405 200 1466 De
213 1403 404 1484 quibusdam
418 1407 554 1478 tautum,
570 1421 635 1465 non
648 1421 722 1466 vero
738 1405 777 1466 de
795 1405 943 1466 omnibus
954 1422 1045 1483 apos·

86 1499 171 1563 toliois
184 1501 464 1564 constitutionibus
481 1502 686 1581 praesumitur
700 1502 760 1564 iste
772 1518 943 1564 cousensus
957 1504 1044 1565 Pon-

86 1597 195 1664 ilicum.

119 1699 385 1762 «constitutiones
400 1699 439 1760 ad
459 1699 662 1778 disciplinam
680 1699 886 1778 pertinentes,
902 1701 941 1761 ad
954 1700 1043 1764 illam
1080 1747 1084 1754 -

86 1813 141 1873 qua
153 1799 282 1879 respicit
295 1798 373 1860 ritus
386 1803 417 1860 ct
427 1799 616 1860 clericorum
631 1798 739 1873 vitam,
754 1815 771 1858 a
784 1799 947 1877 pontificia
968 1816 1042 1861 auo-

84 1895 188 1958 toritate
210 1897 343 1960 omniuo
365 1898 517 1976 pendent,
545 1895 681 1975 ideoque
706 1897 894 1959 inferiorum
917 1897 1042 1976 judicio

83 2011 132 2056 nou
155 1995 375 2075 subjiciuntur.
403 2015 418 2054 r
446 1996 647 2077 (Benedictus
675 1997 756 2071 XIV,
782 1985 827 2058 De
852 1995 971 2077 synodo,
1002 1997 1042 2059 li·

83 2089 126 2151 lter
141 2094 189 2167 IX,
204 2111 235 2158 c.
255 2093 339 2172 vlu.)
435 2091 437 2096 ’

110 2191 135 2252 3.
148 2192 321 2272 Episcopus
333 2191 477 2272 judicans
495 2180 609 2254 no'vam
630 2193 734 2272 legem
749 2210 813 2254 suae
829 2191 957 2254 dioecesi
972 2209 1038 2254 non

81 2291 224 2354 convenire
241 2291 284 2353 ob
299 2291 473 2370 peculiares
490 2290 754 2366 circumstantias,
771 2291 1037 2370 supplicationem

80 2387 109 2446 ad
125 2395 259 2452 sanctam
276 2389 391 2451 Sedem
407 2389 514 2450 mittit.
529 2389 656 2460 Quoties
672 2390 770 2450 Sedes
788 2389 970 2468 Apostolioa
985 2405 1039 2450 ex-

80 2485 176 2560 positas
189 2491 328 2550 rationes
343 2488 460 2549 validas
476 2503 542 2548 esse
557 2487 789 2565 agnoscit-uon
807 2488 911 2550 renuit
925 2488 1038 2550 Ecule-

79 2580 489 2667 siamparticularemalege
503 2583 641 2668 generali
656 2584 805 2648 eximere.
976 2597 979 2602 ·
1116 2579 1122 2582 ’

411 2779 631 2887 inmundus
649 2829 679 2886 11

205 3009 382 3052 connlrturtus
400 3009 435 3048 AD
449 3008 538 3050 tendit
550 3009 712 3050 stertentum
726 3008 877 3050 uantum.
960 3043 962 3050 ,

100 3174 112 3237 t
128 3175 151 3228 l.
166 3172 204 3228 De
216 3171 319 3242 legum
336 3167 499 3242 duratione.

99 3261 146 3324 it.
161 3263 200 3320 De
211 3261 313 3334 legum
331 3260 501 3318 executione
515 3259 724 3333 promovenda.

318 3493 334 3558 ς
350 3492 377 3544 1.
394 3519 426 3532 -
444 3491 481 3544 De
496 3491 589 3556 lenum
606 3489 766 3544 duratione.

101 3645 221 3712 Duratio
255 3625 368 3728 legum¹
396 3645 500 3724 aperit
520 3644 603 3708 viem
631 3643 752 3725 duplici
782 3603 1028 3722 investigationi.

905 3757 930 3798 r«.
