2630 4250
521 308 595 352 PARS
617 307 779 354 saucians
1083 312 1137 360 219

200 427 317 488 Verum
329 423 362 486 in
371 441 497 504 gravem
508 441 648 498 errorem
661 425 741 504 lapsi
751 431 825 486 sunt
838 431 983 488 auctores
997 431 1138 490 eonstite-

166 522 247 582 tt'om's
260 521 354 582 civilis
368 522 442 582 cleri
454 519 610 600 Gallicani,
628 523 706 583 dum
716 523 952 586 contendebant
963 526 1138 606 Episcopus

163 621 226 681 sine
232 621 297 681 ullo
307 637 462 680 consensu
471 619 645 693 Pontificis‚
653 619 743 698 juxta
754 619 955 698 disciplinam
963 624 1136 702 antiquam,

162 717 280 779 institui
294 734 396 794 posse.
414 717 540 778 Etenim
559 721 590 777 1ο
612 721 754 796 potestas
769 718 1055 796 Metropolitanum,
1073 720 1141 782 Pri-

162 815 1138 895 matum,PatriarcbarumproiectaestaSummoPontiflcatu,

161 913 214 991 qui
226 914 311 974 solus
326 914 397 992 jure
413 913 521 974 divino
540 913 706 992 Episcopis
728 919 855 992 praeest.
875 951 913 962 —-
932 919 965 975 9⁰
980 919 1140 978 Romanus

159 1010 300 1071 Pontifex
312 1027 367 1075 sua
386 1013 539 1088 potestate
554 1010 702 1072 utebatur
719 1013 758 1072 ad
774 1013 1036 1091 dispensandum,
1053 1015 1139 1075 diffi-

159 1109 290 1170 cultates
305 1107 484 1184 dirimebat,
511 1109 668 1170 statuebat
681 1112 805 1190 regulas
821 1111 1085 1172 confirmationis.
1101 1140 1141 1157 -

160 1209 194 1267 3⁰
221 1195 371 1284 Episcopi
394 1206 461 1284 jam
486 1207 682 1284 consecrati,
707 1208 770 1268 nisi
798 1209 980 1288 acciperent
1010 1225 1027 1268 a
1054 1209 1139 1270 Sede

158 1302 461 1381 Apostoliealr'tteras
469 1303 613 1384 forentes
624 1323 680 1367 seu
689 1306 926 1368 communionis
935 1305 1135 1384 episcopalis,

151 1400 409 1478 jurisdictionem
426 1401 624 1465 amittebant.
648 1405 748 1482 Igitur
766 1405 865 1466 errori
880 1421 945 1464 non
957 1405 1140 1465 favetvetus
1232 1474 1234 1478 ¹

156 1497 336 1576 disciplina.

198 1596 398 1672 Quapropter
411 1593 481 1672 jure
500 1613 556 1656 suo
573 1597 622 1656 usi
635 1602 708 1658 sunt
722 1597 856 1658 Romani
866 1593 1049 1671 Pontifices,
1067 1613 1140 1658 cum

154 1691 219 1752 sibi
241 1699 418 1752 reservatam
437 1709 505 1754 esse
528 1693 693 1754 voluerunt
711 1693 945 1755 institutionem
969 1695 1140 1773 Episcopo·

155 1805 240 1850 rum.
268 1789 395 1850 Etenim
416 1807 482 1850 nen
501 1793 675 1867 potuerunt
698 1790 899 1863 Patriarohae‚
928 1777 1082 1854 Primates
1108 1798 1140 1853 et
1200 1864 1202 1867 .

154 1885 368 1962 Metropolitae
375 1887 648 1965 juscreandorum
660 1886 1140 1968 llpiscoporumpraescriptione

154 1981 216 2044 sibi
230 1983 406 2061 acquirere,
422 2001 525 2062 neque
542 1984 666 2046 Summi
680 1985 851 2047 Pontifices
872 1988 986 2048 eodem
1002 2005 1035 2048 se
1047 1986 1141 2048 abdi-

155 2097 240 2156 care,
256 2082 390 2161 quiajos
405 2081 546 2142 divinum
560 2082 598 2143 ab
613 2083 798 2146 hominibus
810 2085 974 2146 immutari
990 2085 1112 2165 nequit.

195 2178 234 2240 ll.
253 2177 428 2254 Translotio,
443 2180 635 2254 renuntiatio,
649 2179 785 2260 depositio
799 2181 1014 2262 episcoporum
1029 2181 1082 2261 (t).
1100 2213 1139 2228 -

152 2277 336 2356 Aliquando
348 2277 563 2338 necessarium
581 2279 828 2356 estllpiscopum
844 2296 1017 2352 removere,
1029 2281 1076 2341 vel
1088 2265 1140 2341 in-

151 2375 303 2437 stitutum
316 2375 550 2449 transferendo,
567 2375 616 2436 vel
638 2375 909 2436 renuntiationem
924 2375 1135 2454 admittendo,

149 2468 204 2530 vel
214 2467 383 2546 indignum
394 2467 596 2552 deponendo
608 2467 695 2529 Erit
687 2468 817 2573 itaque
803 2487 835 2528 m
845 2469 988 2530 Ecclesia
999 2473 1139 2547 potestas

150 2564 318 2626 missionis
336 2562 525 2642 episcopalis
543 2557 735 2626 auterende.
753 2546 850 2642 Atqui
875 2570 1015 2644 potestas
1030 2563 1139 2642 hujus-

149 2662 245 2724 modi
267 2661 406 2739 pertinet
392 2663 460 2722 tad
475 2661 566 2722 illurn
580 2661 669 2742 quus
686 2666 734 2722 est
753 2661 931 2740 Episcopus
952 2661 1136 2736 instituere,

147 2759 288 2821 inferior
299 2760 385 2822 enim
399 2764 523 2820 mutare
534 2759 645 2839 nequit
656 2759 741 2838 quod
755 2759 866 2820 statuit
879 2759 1032 2837 superior.
1050 2759 1139 2843 Jam-

146 2874 230 2918 vero
242 2873 316 2917 cum
329 2874 411 2917 nnus
423 2857 579 2933 Pontifex,
595 2857 624 2918 vi
636 2857 802 2936 primatus,
819 2861 1009 2936 potestatem
1023 2855 1139 2918 habeat

145 2955 334 3034 Episcopos
360 2953 566 3030 instituendi,
596 2955 671 3016 inde
707 2954 851 3035 sequitur
878 2952 1135 3028 translationem,

145 3051 309 3120 cessionis
331 3052 585 3132 acceptationem
605 3057 637 3113 et
660 3051 893 3130 depositionem
907 3049 1139 3128 Episcoporum

183 3250 224 3318 ll)
239 3249 401 3299 Innocentius
411 3249 455 3310 lll,
467 3263 571 3312 capris,
584 3248 616 3298 de
630 3247 801 3299 discriptione
810 3247 998 3310 episcoporum,
1008 3249 1045 3298 sic
1055 3249 1137 3311 loqut-

143 3337 212 3380 tur:
230 3349 241 3374 ι
257 3331 313 3381 Non
329 3331 450 3391 humana,
464 3331 507 3381 sed
521 3328 608 3390 potius
621 3328 706 3379 divina
720 3333 843 3390 potestate
855 3329 997 3392 conjugium
1008 3329 1139 3390 spirituale

143 3410 309 3472 dissolvitur,
320 3423 376 3459 cum
390 3425 435 3472 per
449 3409 646 3467 translationem,
659 3408 848 3471 depositionem,
862 3415 906 3458 aut
921 3411 1066 3470 cessionem,
1077 3422 1137 3458 auc-

141 3491 258 3540 toritate
276 3491 383 3540 Romani
400 3491 526 3540 Pontificio
544 3491 681 3552 Episcopus
696 3489 728 3540 ab
744 3490 853 3540 Ecclesia
866 3497 1014 3542 removetur.
1030 3515 1062 3528 -
1076 3489 1136 3536 Tria

141 3572 218 3633 hnc,
236 3583 286 3620 non
305 3577 357 3619 tam
379 3569 555 3626 constitutione
576 3572 704 3632 canoniea,
719 3583 796 3632 quam
816 3569 973 3620 institutione
986 3569 1079 3626 diune,
1091 3565 1137 3666 soli

140 3657 213 3700 sunt
227 3650 339 3700 Romano
354 3649 467 3700 Pontifici
481 3657 616 3702 reservata.
636 3667 646 3694 s
