2588 4272
367 269 440 314 PARS
461 267 640 315 emmonius,
935 265 985 312 129

51 389 98 448 IV.
119 386 207 458 Quod
222 403 289 447 non
308 390 355 466 est
368 386 492 448 licitum
504 386 537 446 in
549 387 630 464 lege,
646 381 905 450 necessitasfaeit
917 381 987 442 lici-

153 489 235 544 tum.
546 488 556 496 ”
801 499 804 504 ·

64 584 96 646 V.
117 582 207 652 Quod
223 579 333 642 illicite
348 579 563 642 introductum
576 583 633 656 est,
646 579 734 640 uuila
748 577 843 642 debet
868 577 986 640 stabili-

155 675 402 738 tatesubsistere.
765 699 767 704 ·

54 777 100 840 Vl.
118 764 300 852 Tormenta,
316 759 443 835 indiciis
459 792 524 835 non
541 771 808 854 praeeedentibus,
823 773 989 836 inferenda

151 889 217 932 non
229 876 311 932 sunt.

39 973 96 1034 Vll.
115 970 293 1047 sacrilegus
317 973 364 1031 est
385 969 549 1031 offendens
564 986 632 1030 rem
644 969 693 1030 vel
705 985 874 1048 personam
888 969 987 1032 eoele-

152 1067 321 1130 siastioam.
726 1151 727 1156 η

31 1169 98 1230 Vlll.
119 1165 177 1240 Qui
188 1184 226 1226 ex
237 1166 351 1226 timore
360 1163 436 1226 iacit
445 1165 984 1246 praeceptum‚aiiterquamdebeat,

152 1265 247 1338 faeit;
266 1269 296 1324 et
308 1263 380 1324 ideo
395 1262 537 1342 jamnon
550 1264 634 1326 facit.

55 1365 99 1426 lX.
119 1362 328 1424 committens
355 1378 453 1421 unum
474 1367 653 1439 peecatum,
670 1381 742 1424 reus
769 1368 817 1424 est
842 1361 986 1425 omnium

153 1461 257 1539 quoad
271 1460 367 1520 vitam
383 1465 546 1520 aeternam.

66 1560 98 1621 X.
116 1557 297 1638 Ignorantia
310 1575 374 1619 non
389 1562 517 1618 excusat
527 1557 749 1634 Praelatum,in
759 1556 897 1637 peccatis
910 1555 988 1618 sub-

149 1657 304 1719 diturum.

52 1754 97 1814 XI.
116 1756 176 1816 Pro
189 1752 405 1834 spiritualibus
417 1752 601 1834 homagium
613 1771 678 1816 non
690 1757 867 1834 prestatur.

237 1985 291 2055 §2
308 2017 338 2030 -
355 1989 596 2056 Requlninsexto
613 1989 809 2044 Decretalium.

452 2186 526 2226 nucis
543 2190 563 2226 1.

78 2338 99 2399 l.
119 2339 315 2400 Beneficium
336 2342 587 2416 ecclesiasticum
607 2361 672 2405 nou
694 2347 798 2422 potest
815 2343 901 2406 licite
922 2343 989 2406 sine

152 2438 305 2499 canonica
323 2439 522 2502 institutione
536 2439 684 2502 obtineri.

71 2535 103 2596 il.
120 2535 286 2596 Possessor
296 2537 387 2596 malae
400 2538 550 2599 fideiullo
560 2543 706 2618 tempore
717 2557 782 2600 non
797 2539 987 2618 praescrihit.

56 2630 101 2690 iil.
118 2630 192 2692 Sine
207 2632 404 2709 possessione
416 2633 616 2712 praescriptio
626 2653 692 2694 uon
709 2635 866 2712 procedit.

59 2727 104 2788 IV.
122 2729 292 2790 Peccatum
302 2747 367 2791 non
380 2730 628 2804 dimittitur‚nisi
642 2732 827 2792 restituatur
836 2731 986 2794 ablatum.

69 2827 101 2887 V.
119 2827 245 2890 Peooati
263 2827 354 2888 venia
372 2846 437 2889 non
452 2830 543 2892 datur
557 2831 617 2892 nisi
632 2835 787 2891 correcte.

55 2923 99 2985 Vl.
120 2927 221 2987 Nemo
235 2930 339 3004 potest
351 2926 390 2985 ad
404 2925 601 3006 impossibile
614 2927 758 3008 obligari.

48 3021 104 3084 vll.
122 3023 325 3104 Priviiegium
344 3023 511 3104 personale
530 3043 699 3104 personam
717 3025 869 3107 sequitur,
886 3030 918 3088 et
940 3043 991 3089 ex·

151 3120 306 3200 tinguitur
323 3138 396 3182 eum
411 3139 556 3202 persona.

37 3215 100 3279 vill.
120 3221 224 3282 Semel
239 3221 350 3294 malus,
364 3239 491 3301 semper
506 3221 710 3302 praesumitur
723 3223 836 3284 malus.

60 3315 102 3378 IX.
119 3320 233 3398 ilatum
243 3317 313 3396 quis
326 3318 518 3380 haberenou
529 3324 645 3398 potest,
660 3319 989 3401 quodvipsiusnomine

147 3433 213 3476 non
232 3422 280 3477 est
297 3425 433 3496 gestum.

70 3512 103 3575 X.
118 3511 988 3600 Ratihahitionemretrotrahi‚etmaudatoaequiparari,
1033 3522 1036 3528 '

148 3616 279 3673 nonest
297 3611 444 3677 dubium.
734 3597 739 3606 ¹
786 3599 820 3618 ”
913 3603 916 3610 ’
