2604 4270
212 305 247 353 so
370 301 529 354 nxrosrrro
551 299 727 352 neruorum
746 299 831 354 rums
854 303 1013 358 cerumar.
1036 267 1039 271 ¹

210 423 276 485 lero
305 422 473 486 debebant.
498 423 619 485 Primus
644 423 758 484 modus
781 423 965 486 versabatur
988 424 1022 486 in
1045 439 1192 486 commu·

209 521 765 601 nionecumcapiteretinenda.Quae
776 519 1193 583 communionisneoessitas

211 618 384 697 dupliciter
397 618 533 698 spectari
548 623 674 698 poterat
689 638 696 678 :
710 618 757 679 vel
769 617 876 680 habita
886 619 1009 681 ratione
1022 617 1193 696 Apostolo-

211 733 293 790 rum,
310 717 365 795 qui
377 733 415 778 ex
426 716 532 779 officio
542 717 582 776 ad
595 715 855 778 communionem
871 733 944 778 cum
958 718 1052 778 Petro
1065 732 1193 777 conser-

211 815 346 876 vandam
367 814 571 889 tenebantur;
596 814 643 875 vel
659 813 755 876 etiam
770 813 878 876 habita
892 815 1014 878 ratione
1028 812 1193 901 Ecclesia-

211 927 283 972 rum
298 929 375 990 quas
389 911 450 991 ipsi
465 911 673 974 instituebant
694 929 731 974 ea
749 913 818 992 lege
840 917 876 974 ut
890 914 1020 974 Petrum
1040 917 1194 990 tanquam

212 1009 363 1070 Ecclesia
386 1013 483 1090 eaput
505 1009 713 1088 respicerent,
736 1009 867 1089 ejusque
882 1009 1029 1088 regimini
1053 1007 1194 1088 subjice·

212 1109 333 1166 rentur.

252 1199 402 1287 Secundus
422 1203 536 1265 modus
550 1203 678 1266 colendi
694 1203 869 1267 Primatum
887 1203 914 1265 is
934 1207 1011 1290 erat,
1028 1209 1064 1268 ut
1082 1221 1194 1268 causas

214 1300 363 1380 majores,
376 1302 424 1363 vel
438 1303 478 1362 ad
497 1301 706 1364 universalem
716 1303 867 1365 Ecclesiae
880 1303 1082 1383 disciplinam
1096 1305 1195 1384 perti·

214 1404 336 1476 nentes,
350 1399 495 1478 Apostoli
508 1401 547 1461 ad
563 1403 703 1478 Petrum,
718 1407 869 1481 tanquam
883 1403 923 1464 ad
944 1403 1072 1484 collegii
1083 1409 1115 1467 et
1131 1404 1195 1466 Ec-

214 1496 319 1560 elesiae
333 1503 440 1578 caput,
456 1498 671 1563 discutiendas
683 1501 838 1564 referrent
851 1500 905 1582 (l).

447 1719 564 1780 Quusrro
575 1721 611 1770 Ξι.
628 1744 658 1756 -
673 1721 787 1771 Errseorr
800 1733 951 1772 nrmcnsanr.

255 1870 279 1931 l.
306 1869 418 1945 Quibus
436 1871 528 1933 modt's
548 1870 691 1953 Episcopi
702 1871 856 1935 succedunt
867 1873 904 1934 'in
926 1873 1020 1934 locum
1039 1871 1195 1954 Apostolo-

214 1987 294 2029 rum.
307 1970 502 2032 -Deolarat
514 1969 699 2032 Tridentina
712 1972 857 2053 Synodus
873 1972 1080 2052 «Episcopos,
1094 1971 1196 2050 quiin

216 2067 557 2145 Apostolorumlocum
570 2075 801 2147 successerunt,
811 2071 850 2130 ad
863 2069 1094 2134 hierarchicum
1107 2069 1197 2131 ordi-

215 2182 292 2227 nem
312 2167 473 2247 praecipue
492 2168 661 2247 pertinere,
679 2173 710 2231 et
722 2169 844 2249 positos
857 2185 875 2229 a
888 2167 1005 2247 Spiritu
1021 2169 1197 2230 sanctore-

215 2281 290 2343 gere
319 2266 493 2328 Ecclesiam
524 2267 610 2342 Dci;
644 2285 760 2348 eosque
791 2267 983 2347 preshyteris
1015 2267 1197 2344 superiores

217 2379 286 2426 esse
307 2365 360 2446 (E).
374 2387 389 2425 a
412 2365 606 2446 Explicanda
627 2372 699 2430 sunt
719 2367 789 2429 hese
801 2365 899 2429 verba
917 2363 1050 2428 concilii
1064 2365 1197 2428 Triden-

216 2460 290 2524 tini.

126 2622 129 2629 .
257 2566 287 2626 l.
304 2563 398 2626 Petro
412 2562 623 2643 personaliter
636 2563 779 2626 succedit
801 2564 885 2626 solus
907 2560 1073 2627 Romanus¹
1086 2564 1198 2627 Ponti·

99 2693 107 2716 ·
216 2663 269 2724 lex
286 2680 293 2723 ε
313 2683 328 2722 r
344 2663 519 2726 Definimus
541 2663 646 2743 ipsum
668 2661 855 2725 Pontificem
872 2664 1052 2724 Romanum
1067 2679 1198 2748 succes-

216 2777 321 2823 sorem
347 2777 414 2822 esse
434 2762 473 2825 Β.
504 2761 589 2824 Petri
610 2761 763 2842 principis
782 2761 1010 2840 Apostolorum
1031 2765 1063 2823 et
1085 2777 1198 2822 verum

217 2859 335 2922 Christi
348 2859 510 2922 vicarium
526 2860 578 2941 (3).
596 2883 612 2916 s

254 2963 285 3020 E.
308 2961 428 3039 Corpus
443 2959 621 3038 episcopale
637 2957 777 3040 Collegio
792 2959 967 3039 apostolico
982 2956 1137 3033 succedit,
1154 2955 1198 3019 si-

217 3055 347 3134 quidem
374 3055 525 3136 Episcopi
547 3054 640 3118 simul
662 3073 736 3117 eum
759 3057 891 3118 Summo
913 3053 1068 3117 Pontifice
1084 3053 1199 3116 Eccle-

219 3153 297 3212 siam
312 3159 475 3231 regentem
497 3153 649 3216 elliciunt.
668 3153 819 3234 Episcopi
838 3153 945 3214 locum
967 3153 1199 3231 Apostolorum

215 3253 328 3310 tenent
340 3250 374 3311 in
387 3269 512 3331 genere,
529 3269 595 3314 non
611 3269 684 3314 vero
701 3252 816 3333 singuli
828 3251 960 3332 singulis
973 3252 1151 3316 succedunt
1164 3252 1201 3314 in

217 3347 375 3427 integram
389 3351 591 3429 Apostolatus
604 3355 806 3430 potestatem,

248 3499 282 3560 (lt
299 3495 391 3559 Soglia,
401 3496 573 3548 lmtitutr'oaes
583 3497 657 3564 juris
666 3499 772 3564 publici,
788 3513 845 3564 pars
855 3499 888 3562 11,
899 3497 946 3552 lib.
960 3499 982 3563 l,
997 3509 1057 3564 caps
1077 3513 1099 3550 ι.

248 3579 284 3640 (2)
297 3578 434 3630 Concilium
446 3577 628 3642 Tridentinum,
636 3593 701 3634 sess.
715 3581 803 3641 xxlll,
814 3595 872 3643 esp.
888 3593 926 3632 iv.

248 3660 281 3723 (tl
293 3659 430 3712 murinum
441 3658 620 3724 Florentinum,
633 3659 661 3710 ln
672 3661 776 3710 Decreta
789 3661 901 3712 unionis.
