2630 4250
477 272 552 318 PARS
573 273 735 320 sedemus
1041 277 1094 328 1⁸1

117 388 246 450 Praelati
260 388 322 450 hoc
332 389 383 468 jus
400 389 610 452 immunitatis
626 392 792 456 ohservare
812 395 967 470 fecerunt,
996 414 1096 474 quan-

123 493 191 548 tum
206 487 290 548 inter
300 487 385 565 ipsos
397 488 507 549 fideles
521 489 590 548 lieri
603 495 741 568 poterat.
757 515 773 549 s

163 583 256 645 Proh.
274 589 305 644 Eo
318 584 441 645 ratione.
458 585 611 665 AEquitati
631 589 768 652 naturali
783 597 1033 655 consentaneum
1050 599 1098 656 est

117 681 264 756 clericos,
281 686 431 760 tanquam
447 683 615 762 magistros
632 686 777 748 fidelium
797 693 829 749 et
843 690 909 750 Deo
934 707 1100 754 eonsecra-

122 787 180 854 tos,
198 797 262 842 non
281 781 394 841 eodem
422 781 520 842 modo
540 781 679 858 tractari,
706 784 788 847 siout
813 791 989 850 tractantur
1009 789 1095 851 laici.

122 878 260 939 Proinde
269 878 320 956 jus
334 880 373 940 ad
389 878 627 940 immunitatem
642 879 725 942 inest
749 883 916 960 Ecclesiae,
945 891 977 948 et
1005 887 1104 948 oritur

66 991 68 998 ·
124 976 166 1037 ab
181 977 250 1054 ipsa
261 975 410 1036 Ecclesiae
424 976 634 1038 institutione.

160 1075 198 1134 ll.
214 1073 435 1136 immunitates
451 1074 596 1135 cononicis
618 1077 813 1138 sanctionibus
840 1080 1027 1144 immediate
1052 1084 1107 1143 de-

126 1171 347 1234 terminantur.

162 1268 258 1330 Proh.
276 1271 306 1346 ll
319 1288 356 1330 cc
368 1257 463 1330 verbis
481 1271 668 1331 conciliorum
679 1271 795 1350 quihus
815 1291 880 1335 non
907 1276 1030 1338 dicitur
1043 1281 1109 1336 tan-

132 1375 199 1430 tum
211 1367 448 1428 immunitatem
463 1386 481 1429 a
496 1368 603 1430 divino
621 1369 692 1448 jure
710 1369 869 1448 originem
895 1373 1023 1448 ducere,
1054 1376 1109 1434 sed

128 1465 222 1525 etiam
233 1465 305 1544 jure
319 1464 536 1526 ecclesiastico
552 1465 760 1526 constitutam
777 1483 855 1528 esse.
883 1469 1042 1546 Equidem
1061 1469 1112 1548 jus

123 1562 264 1624 divinum
278 1562 378 1623 dictat
392 1562 524 1623 clericos
540 1579 607 1624 esse
618 1563 830 1662 eximendos3
847 1567 902 1626 sed
915 1566 997 1644 juris
1011 1567 1113 1644 appli-
1131 1558 1134 1564 ’

128 1659 209 1721 catio
224 1676 281 1720 seu
303 1658 516 1720 immunitatis
531 1660 756 1721 determinatio
787 1661 826 1723 ab
853 1663 995 1724 Ecclesia
1022 1663 1114 1724 desu-

121 1757 229 1818 mitur.

157 1853 254 1914 Proh.
271 1857 303 1914 2⁰
317 1872 354 1914 ee
366 1854 463 1933 proci
473 1853 624 1916 Ecclesia
652 1854 893 1918 immunitatem
906 1857 1052 1919 Ecclesia
1066 1875 1113 1920 or·
1175 1867 1176 1871 ’

123 1951 250 2028 dinavit,
266 1953 428 2031 ampliavit
447 1957 478 2013 et
491 1971 549 2032 pro
561 1957 743 2032 temporum
763 1955 1015 2016 necessitatibus
1038 1973 1111 2018 mo-

120 2051 227 2112 derata
242 2054 299 2112 est.
325 2049 422 2128 Atqui
438 2067 474 2111 ea
496 2067 567 2128 quae
582 2050 679 2112 solius
697 2056 770 2112 sunt
778 2053 861 2132 juris
882 2053 990 2128 divini,
1007 2059 1110 2114 muta-

117 2149 237 2210 tionem
251 2166 317 2209 non
332 2149 506 2226 patiuntur.

162 2247 240 2308 lnde
253 2245 440 2325 intelligitur
453 2231 534 2306 ratio
550 2264 606 2308 our
619 2246 834 2308 immunitatis
852 2247 942 2325 origo
955 2249 1109 2308 reseratur

125 2343 162 2404 ab
182 2343 298 2403 aliisad
306 2343 357 2422 jus
379 2343 533 2415 divinum,
546 2341 585 2402 ab
602 2342 670 2402 aliis
683 2344 722 2403 ad
732 2343 783 2421 jus
805 2343 1010 2404 canonicum.
1028 2347 1107 2407 Cum

123 2441 306 2502 immunitas
319 2440 426 2520 aliquo
436 2459 531 2502 sensu
542 2439 581 2500 ab
601 2440 753 2502 Ecclesiae
767 2441 930 2502 voluntate
949 2433 1105 2518 pendeat,¹

119 2537 193 2600 ideo
208 2539 320 2600 variari
331 2535 457 2617 potest3
477 2537 551 2616 quia
564 2555 638 2598 vero
652 2537 747 2597 simul
761 2537 1042 2598 fundamentaliter
1055 2544 1101 2600 est

110 2635 196 2713 juris
205 2636 390 2709 divini,tolli
404 2635 1095 2714 omninonequitetiamaSummoPontilioe.

154 2735 209 2795 III.
224 2733 298 2794 Pius
313 2735 354 2794 lll
370 2733 530 2794 damnavit
544 2731 778 2811 propositiones
791 2736 960 2810 sequentes
973 2731 1034 2811 (ῆι

159 2853 176 2890 e
189 2831 239 2894 30.
256 2831 408 2892 Ecclesia
420 2836 451 2892 et
462 2847 669 2909 personarum
680 2828 968 2891 ecclesiasticarum
981 2830 1096 2892 immu-

106 2929 200 2990 nitas
213 2947 230 2990 a
241 2930 312 3009 jure
327 2928 413 2990 civili
427 2933 532 2989 ortum
543 2927 665 2989 babuit.

163 3049 178 3086 o
192 3029 240 3088 31.
256 3026 517 3088 Ecclesiasticum
528 3023 636 3085 forum
647 3042 704 3102 pro
717 3025 948 3104 temporalibus
961 3025 1094 3087 clerico·
1172 3031 1174 3036 ’

105 3140 189 3186 rum
203 3124 304 3185 causis
327 3124 390 3184 sive
412 3123 556 3185 civilibus
575 3123 638 3185 sive
661 3121 880 3182 criminalibus
904 3123 1092 3187 omninode

101 3221 221 3284 medio
233 3222 411 3283 tollendum
435 3226 492 3295 est,
519 3221 617 3282 etiam
636 3219 816 3305 inconsulta
839 3225 871 3280 et
898 3221 1092 3284 reclamante

99 3320 301 3399 Apostolica
317 3321 410 3382 Sede.

160 3437 178 3472 o
193 3419 239 3479 32.
256 3416 386 3494 Absque
407 3417 471 3476 ulla
489 3415 640 3478 naturalis
659 3414 739 3494 juris
760 3418 791 3476 et
814 3413 972 3494 aequitatis
994 3417 1094 3480 viola-

140 3613 171 3673 (t
179 3612 331 3675 )Eneyelica,
345 3613 446 3684 Quanta
457 3625 527 3662 carc.
541 3641 568 3650 -
587 3613 704 3676 syllabus
719 3623 840 3662 errorum.
854 3637 855 3640 =

235 3709 257 3757 1.
826 3700 830 3714 '
954 3706 986 3753 11
