2630 4250
468 205 543 255 edes
565 205 730 258 sesuldus.
1038 209 1087 261 169

101 319 182 380 1010.
199 317 263 397 Ipsi
283 326 390 384 autem
413 321 568 402 haeretioi,
596 324 739 406 abjurata
759 324 884 402 haeresi,
901 334 1089 407 permanent

101 415 308 494 irregulares.

142 517 414 596 Irregularitatem
438 519 565 584 inducit
586 523 745 603 apostasia
767 522 882 603 triplex
901 542 918 586 a
942 525 1022 604 ilde,
1048 523 1087 586 ab

102 613 482 698 ordineetareligione.
611 625 613 629 ’

142 715 175 776 2.
199 711 329 776 Iteratio
345 711 490 797 baptismi.
514 750 555 763 ·-
576 719 769 799 Irregulares
790 727 864 782 sunt
888 725 958 784 tum
985 721 1088 784 seien-

101 813 153 872 ter
181 811 396 891 rebaptizans,
425 820 493 876 tum
517 816 710 896 baptizatus,
747 822 817 880 tum
856 817 1086 898 ministrantes,

101 913 175 971 tum
193 909 247 972 ille
261 911 315 990 qui
329 912 368 974 ab
383 913 541 977 haereticis
557 915 626 977 sine
648 916 838 980 necessitate
858 935 892 980 se
913 917 989 981 sinit
1007 919 1087 998 bap·

102 1005 209 1070 iizari.
366 1085 367 1088 Ἴ

143 1107 175 1166 3.
195 1095 278 1166 Molo
290 1107 432 1188 susceptio
449 1113 481 1170 et
500 1107 607 1171 obesus
628 1109 775 1172 ordinum.
793 1143 832 1159 -
845 1111 972 1175 Abusus
998 1115 1092 1176 ordi-⁴

101 1203 240 1266 nationis
263 1205 449 1286 irregulares
471 1209 569 1270 eflicit
592 1227 646 1271 eos
668 1210 722 1291 qui
748 1229 814 1272 non
835 1211 1008 1274 examinati
1025 1231 1085 1276 nec

104 1302 234 1363 admissi
247 1303 361 1368 furtive
380 1306 578 1384 ordinantur,
597 1307 760 1370 ordinatos
774 1326 831 1387 per
850 1310 965 1372 sallum
978 1311 1027 1372 vel
1043 1311 1087 1372 si-

104 1399 172 1461 mul
188 1401 303 1464 eodem
318 1403 369 1466 die
385 1405 547 1483 duplicem
570 1405 719 1468 ordinem
739 1423 865 1470 sacrum
880 1407 1083 1487 recipientes,

17 1491 19 1496 ’
105 1497 236 1562 demum
259 1501 330 1564 illos
357 1500 411 1584 qui
436 1505 486 1567 vel
516 1521 589 1567 cum
615 1505 729 1584 majori
755 1505 1087 1569 excommunicatione

102 1597 150 1658 vel
172 1597 210 1659 ab
226 1600 386 1680 Episcopo
405 1619 558 1682 suspenso
579 1603 707 1664 ordines
729 1609 948 1684 susceperunt.

142 1697 189 1758 Ex
203 1697 304 1760 abusu
321 1700 473 1762 ordinum
488 1701 702 1779 irregularitas
724 1701 826 1764 oritur
848 1701 949 1764 trihus
969 1701 1083 1782 modis,

103 1809 220 1878 nempe
235 1798 261 1860 si
277 1799 347 1878 quis
359 1800 545 1862 solemniter
558 1800 706 1862 ordinem
719 1818 786 1861 non
801 1806 983 1880 susceptum
1000 1819 1086 1864 exer-

106 1901 184 1971 ceat,
200 1893 226 1957 si
242 1915 375 1960 censura
387 1898 499 1978 ligatus
521 1899 555 1960 in
572 1897 694 1961 eisdem
710 1899 876 1962 ordinibus
891 1901 1006 1964 audeat
1028 1901 1086 1962 mi·

106 1993 252 2072 nistrare,
270 1995 297 2057 si
312 1997 384 2058 loco
398 1997 570 2060 interdicto
585 1999 804 2060 celebraverit.

142 2097 172 2155 d.
187 2093 385 2156 Homicidium
398 2096 446 2156 vel
458 2095 619 2159 mutilatio.
638 2095 709 2158 Sive
725 2097 848 2159 crimen
864 2096 905 2159 011
919 2097 1085 2176 publicum

103 2193 158 2249 001
171 2189 344 2266 occultum,
367 2189 430 2252 sive
445 2189 515 2269 quis
533 2191 741 2268 semetipsum
755 2197 809 2253 aut
823 2191 922 2253 alium
939 2199 1084 2270 amputa·

102 2285 193 2362 verit,
207 2287 395 2368 irregulares
410 2293 483 2350 sunt
499 2307 506 2349 ε
521 2287 693 2350 homicidae
705 2288 884 2366 voluntarii,
898 2292 1084 2353 mandantes

104 2391 135 2447 et
156 2385 324 2448 consilium
345 2387 465 2463 dantes,
494 2391 700 2466 procurantes
724 2387 872 2450 abortum
899 2390 992 2452 foetus
1016 2391 1084 2451 ani-

105 2483 192 2559 mati,
209 2485 322 2546 ellectu
337 2491 458 2547 secuto.
470 2485 635 2564 Excipitur
654 2485 867 2548 homicidium
890 2487 976 2566 quod
996 2505 1083 2554 mere

106 2581 250 2658 fortuito,
267 2584 316 2644 vel
331 2599 369 2644 ex
382 2583 544 2662 inculpata
557 2582 741 2645 defensione
754 2583 882 2646 accidit.

142 2680 362 2742 Homicidinm
382 2680 477 2766 etiam
491 2681 645 2742 indirecte
661 2681 875 2744 voluntarium
898 2679 1021 2742 inducit
1039 2679 1083 2742 ir·

102 2777 355 2858 regularitatem.
382 2781 472 2852 Quod
496 2781 532 2843 111
553 2779 747 2860 dupliciter:
769 2783 799 2842 1ο
815 2779 870 2862 qui
885 2781 939 2842 dat
954 2789 1085 2859 operam

102 2875 148 2939 rei
162 2878 271 2954 licitae,
288 2883 319 2940 et
336 2861 508 2940 omissione
522 2878 639 2940 debitae
662 2879 836 2959 diligentiae
849 2877 1015 2940 hominem
1030 2893 1086 2940 00-

103 2976 194 3053 01011,
220 2977 256 3037 flt
273 2975 469 3055 irregularis3
488 2979 520 3038 2⁰·
536 2976 590 3055 qui
613 2977 666 3051 dat
688 2995 818 3058 operam
839 2976 886 3040 rei
906 2975 1027 3038 illicitae
1043 2973 1085 3037 ob

103 3074 283 3154 periculum
297 3074 474 3150 homicidii,
491 3074 633 3152 quamvis
649 3075 848 3156 diligentiam
874 3072 1015 3136 debitam
1027 3073 1085 3135 ad-

103 3171 212 3234 hibeat
222 3189 262 3234 ne
275 3189 358 3234 mors
371 3177 530 3252 sequatur,
540 3178 647 3234 tamen
656 3173 838 3252 irregularis
854 3177 912 3247 est,
929 3170 956 3231 si
972 3188 1084 3250 quem*

104 3271 190 3349 piam
210 3269 364 3332 occiderit
386 3273 435 3334 vel
458 3269 660 3331 mutilaverit.
678 3269 780 3330 Priori
798 3274 945 3349 respectu
960 3269 1083 3351 irregu-

103 3368 184 3432 lares
198 3375 273 3432 sunt
285 3368 403 3430 medici
413 3373 445 3430 et
454 3367 608 3448 chirurgi,
624 3368 678 3447 qui
693 3367 835 3430 studium
848 3387 912 3432 non
930 3367 1085 3432 adhibent

103 3467 136 3528 in
148 3467 241 3548 aegris
258 3466 416 3542 curandis,
429 3466 521 3529 itaut
534 3466 647 3549 aliquis
666 3484 777 3530 eorum
789 3468 954 3532 moriatur.
970 3469 1083 3536 Poste·

104 3565 180 3628 riori
197 3570 348 3646 respectu
360 3565 548 3645 irregulares
562 3569 636 3630 sunt
647 3583 758 3630 omnes
772 3585 836 3631 non
850 3567 945 3650 periti
962 3571 1084 3628 temere

226 3680 250 3726 1.
588 3702 591 3710 -
929 3679 961 3726 ro
