2626 4258
270 291 320 340 382
431 292 587 338 exeosmle
607 289 786 336 ueruoulct
808 290 891 336 leals
912 287 1069 336 cattorum.

266 427 346 472 rum.
364 411 460 492 Atqui
473 409 617 472 Pontifex
631 410 670 469 ad
685 408 879 488 Episcopum
892 406 936 470 ait
952 407 986 468 in
1001 405 1249 468 Decretalibus:

271 528 285 565 a
298 509 344 568 'l'u
356 509 405 569 his
416 507 541 588 juribus
555 507 888 583 contentus'existens,
909 524 974 569 non
989 505 1127 584 amplius
1142 505 1186 568 ab
1204 505 1251 566 eis

266 606 371 686 exigas
384 607 466 687 (t).a

305 703 923 786 Proindenonexigendasuntservitiain
931 703 1248 782 J'urenonexpressa.

265 805 381 866 Verum
395 803 427 864 in
445 803 543 865 dubio
555 821 595 864 an
615 804 734 884 aliquid
746 802 847 882 possit
859 801 898 862 ab
912 801 1071 880 Episcopo
1084 801 1248 879 mandari,

265 897 472 980 presumptio
488 897 549 958 s'tat
563 916 621 976 pro
635 898 786 958 mandato
798 895 958 974 Episcopi.

305 997 342 1058 ll.
360 993 551 1076 oblqatinws
570 1015 643 1076 erpa
654 995 819 1057 Ecclesiam
835 999 908 1054 sunt
920 992 1075 1072 professio
1089 993 1177 1068 fidei,
1199 993 1250 1053 di-

265 1093 373 1154 vinum
388 1094 541 1168 osticium,
559 1095 655 1154 missa
666 1092 894 1167 conventualis,
910 1091 1092 1152 residentia.

305 1195 334 1254 l.
357 1190 502 1272 Obligatio
513 1190 680 1272 profitendi
697 1187 795 1272 fidem.
816 1188 965 1250 Decernit
978 1188 1159 1250 Concilium
1177 1187 1250 1250 Tri-

266 1289 432 1352 dentinum
448 1307 454 1348 :
477 1309 490 1345 u
506 1288 625 1349 Provisi
641 1289 680 1348 de
693 1285 933 1354 canonicatibus
945 1291 976 1348 et
990 1285 1202 1365 dignitatibus
1215 1286 1249 1344 in

265 1387 416 1449 Ecclesiis
432 1385 677 1474 cathedralibus,
695 1404 759 1448 non
776 1385 879 1446 solum
893 1402 1001 1446 coram
1016 1383 1175 1464 Episcopo
1190 1400 1247 1444 seu

266 1485 332 1564 ejus
348 1483 487 1558 officiali,
504 1485 559 1545 sed
575 1483 671 1545 etiam
685 1485 718 1544 in
731 1484 871 1562 capitulo
887 1482 1073 1544 orthodoxae
1090 1500 1154 1544 snae
1168 1481 1246 1542 fidei

157 1640 159 1643 ,
264 1582 427 1664 publicam
448 1584 552 1644 iacere
574 1582 802 1663 professionem
818 1587 974 1654 tenentur,
995 1586 1027 1644 et
1043 1580 1077 1640 in
1092 1583 1244 1642 Romanae

264 1680 869 1760 Ecclesiaeobedientiasepermansuros
877 1681 1065 1760 spondeant,
1075 1680 1240 1760 acjurent;

265 1779 405 1858 alioquin
422 1767 541 1842 tructus
556 1798 620 1842 non
635 1779 752 1840 iaciant
767 1797 840 1840 suos
851 1781 906 1859 (ἓ).
921 1801 935 1838 n

304 1880 334 1937 ⁶2.
353 1873 493 1957 Officium
505 1875 636 1936 divinum
652 1879 683 1934 in
697 1875 794 1938 adoro.
810 1877 905 1938 Initio
918 1876 1080 1950 Ecclesiae,
1096 1875 1201 1937 clerus
1213 1879 1243 1938 et

264 1975 400 2054 populus
411 1973 503 2034 simul
514 1973 546 2032 in
560 1973 701 2034 Ecclesia
712 1974 820 2038 laudes
832 1975 887 2036 Dei
901 1959 1114 2037 celebrabant.
1130 1975 1242 2034 Postea

265 2071 373 2136 selecti
384 2078 456 2134 sunt
465 2072 572 2134 clerici
582 2072 635 2152 qui
647 2071 774 2150 publice
784 2074 1066 2154 etqnotidiehoras
1076 2075 1239 2134 canerent.

264 2171 385 2234 Exinde
403 2171 543 2250 capitulo
556 2171 714 2234 incumbit
729 2172 883 2253 obligatio
901 2172 1083 2236 celebrandi
1099 2169 1241 2232 divinum

265 2266 407 2328 officinm
420 2265 559 2345 publice,
576 2267 712 2342 assidue,
730 2266 862 2345 integre,
876 2286 933 2347 per
946 2266 1168 2348 psalmodiam.

305 2367 461 2426 Horarum
478 2365 704 2426 canonicarum
726 2365 871 2428 recitatio
892 2365 988 2428 debet
1000 2383 1068 2426 esse
1081 2363 1217 2426 solemnis
1230 2380 1241 2423 :

271 2464 415 2524 «Omnes
432 2463 536 2524 divina
550 2481 608 2542 per
620 2481 665 2539 se,
688 2469 720 2526 et
735 2482 798 2527 non
813 2482 870 2544 per
884 2465 1082 2538 substitutos,
1100 2464 1242 2541 compel-

265 2561 370 2622 lantur
384 2559 472 2622 obire
488 2562 602 2637 cilicia,
617 2567 713 2641 atque
729 2561 761 2621 in
775 2563 884 2639 choro,
900 2563 940 2622 ad
955 2563 1155 2640 psallendum
1174 2560 1241 2620 ins-

265 2659 371 2734 tituto,
379 2659 504 2740 hymnis
516 2660 1067 2736 etcanticisDeinomenrererenter,
1079 2659 1238 2732 distincte,

267 2757 442 2837 devoteque
458 2757 586 2822 laudare
601 2761 653 2841 (3).
676 2784 690 2818 n

305 2855 534 2919 Cumoificium
548 2857 688 2920 divinum
704 2856 912 2940 collegialiter
924 2855 1078 2920 celebrari
1091 2874 1157 2918 non
1171 2875 1241 2936 pos·

265 2955 316 3032 sit,
337 2954 398 3016 nisi
419 2954 525 3016 adsint
539 2956 695 3031 canonici,
714 2957 887 3036 requiritur
907 2955 1024 3018 asselino
1044 2955 1240 3035 singulorum

265 3053 452 3116 assistentia.
467 3053 736 3138 Causaeaservitio
752 3054 842 3115 chori
856 3060 1040 3116 excusantes
1050 3055 1239 3134 quandoque

266 3154 394 3226 dautur;
423 3151 542 3214 etenim
569 3151 854 3231 quamvis-singuli
882 3153 1028 3214 canonici
1056 3151 1240 3229 regulariter

264 3247 431 3307 teneantur
454 3243 610 3319 assistere,
631 3245 800 3324 collegium
816 3263 833 3308 a
848 3246 991 3326 pluribus
1014 3245 1166 3308 membris
1188 3262 1239 3306 re·
1297 3295 1298 3304 ,

264 3347 478 3424 praesentatur.
495 3341 641 3405 Jamvero
657 3341 724 3406 istas
737 3362 839 3406 causae
854 3355 929 3407 sunt
944 3345 1080 3423 duplicis
1095 3344 1234 3425 generis:

238 3451 241 3458 Ι
296 3490 333 3555 (t)
347 3490 395 3539 Tit.
406 3489 438 3538 de
452 3489 540 3553 Officio
550 3489 648 3554 judicis
658 3489 791 3551 ordinarii,
806 3504 862 3554 cap.
882 3491 1058 3556 Conquereate.

297 3571 333 3633 (2)
346 3568 483 3618 Concilium
493 3571 674 3628 Tridentinum,
692 3583 752 3622 sess.
768 3571 855 3634 XXIV,
871 3585 925 3634 cap.
944 3586 989 3623 ru.

297 3652 330 3710 (³)
342 3651 406 3700 Seu.
418 3649 505 3710 xxiv,
518 3661 574 3711 cap.
591 3663 633 3700 xit.
