2588 4272
434 235 508 282 PARS
528 235 707 285 sunnonem.
1089 175 1120 228 w

88 353 186 417 ditur.
204 353 351 418 Urbanus
364 357 415 431 vl,
438 372 479 416 ne
497 355 665 418 occasione
680 355 858 418 schismatis
871 357 997 418 fraudes
1011 357 1071 417 im·
1091 432 1095 439 ι

86 452 438 530 puneadmitterentur,
455 454 614 514 concessit
631 458 675 530 ut,
697 459 866 533 antequam
887 454 1070 535 apostolicae

88 551 338 614 Constitutiones
357 551 536 614 executioni
563 553 800 627 manderentur,
826 554 975 634 Episcopi
986 552 1072 634 judi-

90 657 202 712 carent
217 667 258 711 an
275 668 381 713 avem
404 650 559 712 Pontifice
587 652 740 730 profecte
764 657 877 714 essent.
907 641 1071 730 Principes

91 766 233 828 quoque,
248 767 289 811 ne
305 749 415 830 populi
431 767 448 810 a
469 749 817 812 Pseudo-Pontificibus
835 749 1067 830 deciperentur,

90 846 196 908 bullas
214 845 372 926 inspicere
395 852 571 925 coeperunt.

127 943 286 1006 Martinus
301 945 519 1008 viacultatem
539 943 578 1006 ab
592 943 722 1007 Urbano
738 945 780 1008 vl
795 961 981 1007 concessam
1004 961 1072 1006 sus·

89 1041 179 1103 tulit.
204 1043 324 1105 Verum
343 1047 486 1105 cessante
499 1059 603 1118 causa,
623 1060 688 1105 non
708 1043 841 1105 cessavit
858 1043 1007 1117 effectus3
1023 1058 1073 1103 ex·

90 1139 197 1201 tincto
209 1139 331 1202 scilicet
343 1141 524 1215 schismate,
543 1141 628 1220 apud
642 1141 757 1202 multas
770 1141 916 1202 nationes
931 1144 1071 1220 potestas

92 1236 195 1298 civilis
210 1237 366 1300 Placitum
385 1238 516 1300 retinuit
535 1243 566 1301 et
589 1239 746 1318 gradatim
765 1237 980 1318 amplificavit.
1007 1236 1073 1298 Pri-

93 1353 184 1397 mum
210 1337 250 1396 ad
282 1336 437 1416 rescripta
461 1335 731 1400 beneficialialuit
745 1336 935 1414 adhibitum,
962 1343 1073 1417 postea

95 1439 260 1495 extensum
274 1436 313 1496 ad
327 1436 456 1498 decreta
467 1435 657 1515 disciplinas,
667 1436 796 1498 demum
809 1436 849 1496 ad
860 1434 961 1497 bullas
976 1433 1072 1497 etiam

95 1531 300 1612 dogmaticas.

132 1631 180 1691 Ex
192 1647 231 1692 eo
245 1635 401 1710 tempore,
420 1632 460 1693 ad
482 1630 692 1694 blandiendos
707 1631 867 1712 principes
884 1631 1073 1711 prodierunt

95 1734 274 1808 systemata,
290 1729 407 1810 quibus
424 1729 502 1809 ipsis
523 1729 702 1792 vindicatur
715 1730 794 1792 illud
810 1731 860 1810 jus
873 1729 1073 1811 approbandi

95 1827 178 1906 leges
204 1826 446 1890 ecclesiasticas.
474 1827 582 1907 Aliqui
604 1828 752 1890 dixerunt
778 1828 860 1890 hanc
888 1828 1098 1890 facultatem

97 1923 297 2005 principibus
308 1931 489 2004 competere
500 1927 572 2007 jure
582 1925 713 2005 proprio
723 1943 761 1988 ex
771 1926 898 1988 illorum
910 1925 1074 2005 maJestate

99 2041 256 2104 suprema.
273 2025 341 2086 lmo
359 2023 505 2086 nonnulli
531 2011 763 2086 contendeiunt
777 2024 968 2087 Pontificum
990 2024 1075 2103 leges

99 2141 161 2185 non
174 2123 272 2204 ligare
283 2121 524 2200 conscientiam,
540 2122 603 2184 nisi
614 2122 654 2184 ab
663 2122 851 2186 auctoritate
861 2123 945 2186 civili
954 2141 1073 2204 appro-

99 2219 223 2286 lentur.

346 2354 614 2408 accaronitarum
629 2355 772 2420 systematis
781 2355 824 2420 (1).

137 2503 161 2568 1.
178 2501 325 2568 Placitum
332 2515 411 2568 sture
422 2506 524 2589 nequit
537 2525 602 2568 eum
604 2505 728 2588 juribus
740 2505 890 2570 Ecclesicc.
904 2537 945 2552 -
955 2505 991 2568 ld
1001 2523 1073 2586 pro·
1158 2585 1161 2594 ἱ

101 2603 318 2686 haturtriplici
331 2605 453 2675 ratione
467 2624 475 2666 :

32 2709 33 2716 ’
139 2705 167 2764 l.
185 2703 240 2765 Ec
251 2703 352 2764 divino
369 2702 510 2765 Ecclesiae
520 2702 735 2766 constitutione.
751 2737 791 2749 -·
804 2702 946 2766 Ecclesia
956 2707 987 2764 et
1002 2703 1072 2766 Sta·

104 2799 152 2858 tus
169 2803 239 2859 sunt
253 2793 324 2860 duae
338 2797 504 2859 societates
522 2797 693 2874 distincta,
710 2798 743 2858 in
759 2815 816 2860 suo
831 2797 942 2860 ordine
952 2797 1075 2876 perico-

105 2898 143 2956 te
156 2896 455 2975 etindependentes.
471 2895 568 2973 Atqui
581 2901 735 2976 repugnat
744 2897 909 2976 utriusque
919 2895 1073 2974 indepen-

109 2993 334 3069 centimanum
347 2994 405 3055 sibi
415 3010 560 3072 arrogare
565 2995 616 3073 jus
628 2994 827 3074 approbandi
837 2995 923 3073 leges
933 2991 1071 3054 alterius

107 3087 190 3158 Quod
206 3089 268 3150 dici
283 3093 390 3167 potest
402 3088 442 3150 de
453 3085 575 3148 duobus
589 3089 776 3150 Statibusad
791 3088 939 3163 invicem,
956 3086 1042 3148 idem
1056 3103 1075 3148 a

110 3183 225 3248 fortiori
240 3185 304 3248 dici
323 3185 420 3247 debet
446 3185 486 3246 dc
509 3186 660 3247 societate
688 3184 903 3247 ecclesiastica
928 3191 1076 3264 respectu

110 3282 259 3345 societatis
278 3283 390 3360 civilis,
408 3282 566 3362 siqnidem
582 3283 725 3345 Ecclesia
739 3283 799 3346 fuit
812 3300 831 3344 a
843 3282 968 3346 Christo
986 3283 1077 3347 insti·

110 3383 169 3442 tuta
185 3381 218 3443 in
232 3383 330 3445 linem
346 3382 628 3462 supernaturalem.
1120 3383 1124 3386 ’

136 3532 163 3592 ll)
176 3531 267 3595 Soglla,
283 3533 457 3586 Institutiones
465 3537 537 3601 sumi
547 3533 646 3602 publici
655 3533 827 3598 ecclesiastici,
842 3547 901 3598 pam
923 3533 945 3596 1,
960 3533 1029 3598 §aa
1047 3559 1078 3573 -

41 3677 42 3685 ἵ
110 3607 230 3677 lullingen
247 3612 495 3665 Jasecclesiasticum
505 3615 643 3680 publicum,
654 3628 713 3677 cap.
728 3628 764 3664 xri
912 3613 913 3616 ’

215 3712 237 3757 1.
958 3708 971 3754 t
