2626 4258
207 287 259 336 806
375 290 530 338 uxrosirlo
551 288 727 335 ueruootus
747 292 829 337 suuis
852 289 1006 354 cononici.

555 479 576 525 l.
590 473 724 535 signatura
732 476 831 536 grutiae.

119 699 121 703 f
243 618 373 680 iudicat
385 619 425 679 de
438 617 540 678 causis
554 636 624 696 quoe
642 619 835 680 definiuntur
847 636 885 679 ex
899 619 998 698 gratia
1013 620 1048 678 u.
1066 618 1179 679 Ponti-

203 716 281 791 ficis,
298 734 328 777 v.
350 733 382 793 g.
398 716 423 776 si
446 715 514 794 quis
534 717 681 794 postulet,
706 723 741 776 ut
763 735 780 777 a
800 734 894 778 causa
912 735 977 776 non
995 715 1180 794 appellabili

202 814 360 892 appellare
383 814 486 875 liceat.
512 814 590 875 Cum
612 831 669 892 per
692 814 779 874 illam
797 815 905 892 gratiae
921 813 1179 874 extraordinarias

202 913 429 987 concedantur,
453 911 481 972 ei
506 929 632 990 semper
654 918 768 991 praeest
792 914 948 986 Pontifex,
970 911 1181 990 qiu-propria

202 1027 298 1070 mauu
308 1011 435 1072 decreta
449 1010 570 1090 signat,
588 1011 673 1072 unde
687 1011 875 1089 intelligitur
884 1027 1000 1072 nomen
1016 1009 1107 1090 hujus
1120 1007 1181 1070 tri-

202 1107 336 1170 bunalis.

571 1231 593 1278 2.
606 1227 807 1280 Poenitentiaria.

243 1385 479 1448 Poenitentiaria
503 1389 551 1448 est
584 1384 723 1446 tribunal
748 1383 929 1446 institutum
960 1382 990 1442 in
1018 1381 1115 1442 ordine
1138 1381 1181 1442 od

201 1484 301 1566 sorum
313 1484 470 1558 internum,
490 1487 525 1544 ut
535 1482 676 1544 absolvat
698 1501 793 1562 super
809 1481 981 1556 reservatis,
1000 1485 1031 1542 et
1049 1481 1180 1558 dispen-

171 1629 173 1632 -
203 1588 250 1644 set
261 1583 453 1661 supervotis,
466 1579 760 1660 irregularitatibus,
778 1599 815 1642 ac
825 1579 1064 1659 impedimentis
1073 1568 1182 1640 occul·

202 1681 242 1741 tis
267 1681 473 1743 matrimonii.
493 1683 665 1760 Acceptum
685 1681 839 1742 aGhristo
854 1683 1044 1758 potestatem
1059 1677 1180 1754 ligandi

201 1785 296 1859 atque
321 1781 462 1842 solvendi
486 1779 631 1840 Pontifex
652 1779 768 1858 partim
784 1778 896 1840 tribuit
920 1775 1176 1838 poenitentiariis.

201 1877 342 1938 Decursu
356 1879 522 1956 temporis,
538 1894 650 1963 eorum
671 1894 821 1938 numerus
848 1875 987 1956 speciem
1009 1872 1178 1935 tribunalis

201 1975 354 2047 exhibuit,
371 1981 403 2034 et
417 1974 502 2035 aPio
515 1976 556 2035 lV
574 1974 761 2035 imminutus
776 1979 834 2036 est.

239 2073 262 2133 Ι.
278 2075 452 2149 Tamquam
465 2071 603 2131 tribunal
625 2071 828 2132 conscientiae
844 2071 1053 2144 considerata,
1071 2068 1178 2130 Poeni-

200 2169 347 2230 tentiaria
362 2168 587 2248 complectitur
598 2167 853 2228 Ponitentioriom
870 2169 1020 2250 mojorern,
1038 2167 1091 2245 qui
1103 2169 1187 2228 Gar·'

202 2269 315 2330 dinalis
341 2273 388 2330 est
413 2273 445 2329 et
469 2269 611 2330 ollicium
624 2285 716 2328 suum
741 2285 797 2346 per
816 2285 849 2329 se
865 2283 1011 2328 exercere
1022 2264 1127 2339 debet,
1146 2271 1178 2327 et

194 2366 429 2449 poenitentiarios
449 2367 572 2428 minores
587 2367 641 2446 qui
662 2367 694 2426 in
707 2365 808 2428 tribus
825 2365 966 2428 ecclesiis
981 2357 1177 2443 patriarcha-

200 2467 284 2527 libus
299 2465 408 2527 ltomae
429 2484 486 2526 suo
510 2483 641 2527 munere
658 2466 830 2544 iunguntur
845 2481 881 2526 ac
895 2464 1109 2525 consessiones
1121 2471 1178 2524 au·

202 2563 301 2626 diunt.
600 2617 602 2622 .

240 2663 277 2722 ll.
294 2663 452 2735 Quatenus
461 2667 622 2722 externam
630 2660 743 2739 judicii
754 2661 888 2720 lormam
900 2660 1007 2735 habet,
1021 2660 1177 2722 Paeniten-

200 2759 292 2821 tiaria
305 2764 428 2821 constat
448 2759 592 2838 pluribus
603 2757 777 2838 judicibus
796 2757 851 2837 qui
864 2758 1027 2818 communi
1042 2756 1177 2820 consilio

201 2857 450 2936 supplicationes
465 2857 610 2929 audiunt,
626 2874 663 2918 ec
677 2856 798 2933 litteras
820 2854 1064 2935 dispensatorias
1080 2853 1176 2934 gratis

200 2959 232 3017 et
245 2956 279 3016 in
294 2956 393 3016 forma
408 2954 514 3016 debita
529 2955 670 3034 expediri
689 2959 810 3018 curant.

238 3053 373 3116 Nomine
392 3053 622 3114 Poenitentiarii
646 3054 774 3134 majoris
803 3044 991 3114 emittuntur
1012 3067 1174 3130 responsa.

197 3151 310 3230 Repens
321 3151 763 3230 supplicationessubscribit;
776 3168 902 3211 causam
912 3151 1053 3210 referunt
1061 3163 1178 3227 procu·

199 3256 336 3324 ratores3
354 3249 520 3329 theologus
535 3254 566 3310 et
579 3249 741 3310 canonista
761 3247 936 3309 consultores
948 3252 1057 3308 votum
1071 3245 1145 3326 prol
1163 3278 1179 3290 -

198 3351 289 3423 runt;
313 3356 466 3422 corrector,
490 3345 634 3420 deterius,
655 3346 813 3426 sipilletor,
838 3346 991 3427 scriptores
1003 3345 1177 3424 expediunt

198 3447 330 3520 litterae,
349 3464 419 3523 quae
444 3445 622 3522 diriguntur
638 3461 702 3506 non
729 3445 858 3524 quidem
875 3445 913 3505 ad
930 3448 1100 3514 oratorem,
1117 3441 1175 3502 sed

199 3543 239 3601 ad
255 3542 385 3619 tertium
400 3543 432 3600 in
443 3527 543 3601 forma
553 3541 788 3604 commissionis
798 3543 910 3622 utipse
923 3559 1019 3622 super
1032 3539 1176 3618 allegatis

201 3638 360 3716 dispenset
372 3638 419 3700 vel
432 3636 582 3698 absolvat.
