2626 4258
477 209 550 256 PARS
571 209 736 258 spumans,
1044 213 1094 261 dil

112 329 337 410 protonotarii,
353 329 402 392 vol
416 327 560 410 capellani
574 346 635 390 soor
647 327 823 394 Sanctitotis
831 331 997 414 insignitos
1010 349 1094 413 saepe

114 424 343 502 conspicimus.

154 523 187 584 3.
204 519 338 584 Coriolos
351 521 514 582 communi
530 521 661 583 nomino
674 523 873 602 appellantur
887 524 944 600 illi,
960 525 1096 604 praedio-

111 619 155 681 tis
170 620 346 696 inferiores,
367 620 421 698 qui
443 619 475 680 in
497 621 585 682 ouria
602 622 651 682 vel
678 621 895 684 stabilitervel
916 623 955 684 ad
971 623 1094 686 instan-

113 718 191 780 tiam
205 719 342 798 partium
359 735 490 796 operam
502 724 665 796 praestant.

154 821 204 881 Ad
220 837 274 880 eos
285 819 446 900 pertinent
461 837 468 879 :
483 816 618 878 adrorati
644 817 739 898 (inter
761 835 840 897 quos
859 817 979 881 eminet
993 806 1092 880 rolle-

111 918 203 998 gium
216 919 442 980 advocatorum
465 914 755 996 consistorialium)‚
769 921 802 978 et
811 924 1026 998 procuratores,
1040 917 1094 996 qui

110 1021 232 1078 causas
250 1016 441 1095 litigantium
469 1019 582 1092 agunt;
609 1013 789 1096 expeditores
817 1020 848 1079 ot
880 1015 1091 1092 sollicitatores,

110 1115 172 1194 qui
187 1115 234 1176 vel
246 1113 456 1176 tribunalibus
469 1114 517 1174 vel
533 1113 693 1174 advocatis
713 1120 744 1176 et
763 1113 1023 1192 procuratoribus
1044 1114 1095 1174 in-

108 1211 269 1286 serviunt;
296 1210 433 1288 denique
456 1216 583 1288 rpentes,
605 1207 658 1288 qui
684 1211 723 1271 ad
745 1211 946 1289 procuranda
969 1210 1094 1288 negotia

108 1308 245 1370 curialia
267 1326 285 1370 a
305 1307 448 1389 partibus
472 1314 506 1368 et
528 1307 708 1386 praesertim
722 1307 761 1368 ab
781 1307 947 1389 Episcopis
962 1308 1093 1370 remotis

108 1406 315 1484 deputantur.

153 1505 209 1564 His
223 1505 394 1583 praemissis
414 1503 611 1577 notionibus,
632 1503 864 1574 consideranda
881 1509 954 1566 sunt
976 1502 1090 1583 praeoi·

105 1619 177 1681 pua
190 1603 324 1684 collegia
345 1603 461 1682 quibus
483 1601 575 1664 Curia
595 1618 726 1662 romana
749 1607 884 1665 constat.
904 1602 1092 1665 Inscribitur

147 1737 165 1801 ἓ
182 1739 205 1790 l.
221 1737 258 1790 De
273 1735 395 1809 collegio
410 1733 619 1790 Cardinalium.

147 1827 201 1890 §2
219 1825 257 1878 llo
271 1823 549 1894 Congregntionibus
565 1821 715 1878 Romanis.

145 1915 163 1978 ἓ
177 1915 203 1968 3.
218 1913 258 1969 De
274 1914 411 1970 Romanis
426 1911 639 1968 Tribunalibus.

360 2089 410 2153 Μ.
426 2116 454 2128 -
470 2087 633 2153 Booolloqio
646 2087 838 2155 cardinalium.

145 2244 176 2299 l.
194 2241 275 2298 lllius
288 2242 380 2299 notio.

142 2335 176 2388 2.
194 2332 262 2402 Ejus
276 2330 443 2388 auctoritas.

351 2508 465 2569 Quasno
479 2509 510 2560 1·.
525 2532 557 2546 —
568 2507 649 2558 Νοτιο
660 2504 840 2555 Cunnrnnumr.

146 2647 308 2712 institutio
323 2649 538 2712 cardinalium
558 2647 678 2726 duplici
698 2647 795 2708 modo
811 2645 946 2726 spectari
968 2649 1084 2725 potest,

102 2749 155 2811 vel
171 2747 204 2807 in
217 2765 331 2827 genere
342 2749 446 2827 quoad
461 2745 737 2826 ipsumcollepiom
752 2745 800 2806 vol
815 2744 848 2804 in
865 2744 968 2824 specie
981 2746 1085 2823 quoad

94 2865 245 2928 personas
260 2847 374 2924 quibus
389 2851 523 2907 constat.
590 2841 599 2858 “

356 3032 378 3082 1.
398 3056 429 3069 -
445 3030 521 3091 Origo
534 3035 560 3079 ot
575 3028 719 3080 constitutio
733 3015 837 3090 collegii.

418 3191 439 3238 1.
456 3185 531 3248 Origo
545 3162 720 3234 Cardinolatus
730 3186 772 3247 (l).

144 3337 357 3418 Distinguitur
370 3336 459 3418 origo
469 3336 567 3417 ipsius
582 3333 686 3418 officii,
702 3339 734 3398 et
748 3334 838 3416 origo
852 3327 987 3398 nominis.

136 3503 173 3564 (1.)
188 3500 397 3564 Cohelli,Notitio
412 3499 603 3552 Cordinulatur.
616 3527 644 3538 ·-
657 3498 777 3560 remoris,
790 3499 912 3564 Prompto
923 3497 1081 3558 bibliotheca.

103 3611 133 3624 -
148 3582 307 3644 Thomassin,
324 3581 397 3633 Veros
408 3585 431 3632 et
441 3594 505 3632 nouo
513 3579 632 3632 Ecclesiae
643 3578 791 3650 disciplina,
802 3591 861 3648 pars
871 3579 892 3642 l,
904 3578 949 3632 ltu.
965 3579 1002 3637 ΙΙ.
1036 3651 1038 3656 Ι
1080 3626 1084 3636 ,
