2588 4272
475 193 549 240 PARS
569 193 749 242 dannanus.
1046 193 1100 242 118

121 317 208 374 rante
237 318 269 375 et
293 311 475 374 adversariis
500 313 685 398 latentibus,
707 319 742 375 ut
761 313 929 392 Episcopis
957 312 1103 392 judicum

122 411 289 489 iniquitate
303 410 444 489 spoliatis
461 411 656 486 consuleret,
670 417 764 491 atquc
776 411 921 472 difficiles
935 410 1105 472 eraderent

124 509 267 588 ipsorum
281 509 510 570 accusationes.

159 607 238 667 Inde
261 606 406 680 infertur,
429 607 605 668 decretales
626 625 691 670 non
707 609 794 670 dotas
807 608 902 670 fuisse
916 609 956 669 ad
969 606 1106 686 ampliti-

39 747 41 757 .
122 704 258 765 eandam
281 704 379 782 curiae¹
400 707 557 767 Romana·
572 706 806 780 auctoritatem,
829 707 892 768 sive
912 705 985 786 quia
998 705 1025 766 is
1039 723 1105 766 non

124 806 187 864 erat
206 819 322 881 scopus
345 801 459 862 Isidori
482 803 677 877 Mercatoris‚
704 803 769 864 sive
790 803 865 882 quia
886 803 957 882 jura
981 801 1106 863 Summi

124 899 298 974 Pontifiois,
322 917 341 960 a
365 899 490 962 Christo
518 901 644 977 collata,
671 901 728 964 tali
750 901 870 963 auxilio
899 918 965 963 non
987 900 1108 980 indige·

124 996 214 1058 bant.

161 1097 215 1159 lll.
232 1095 326 1158 Proh.
344 1115 381 1158 ea
393 1097 456 1178 eirca
478 1096 619 1178 fictarum
645 1097 833 1158 decretalium
854 1097 1055 1178 acceptatione.
1067 1131 1108 1143 -

125 1195 198 1256 Ideo
211 1211 262 1256 eas
277 1201 465 1274 receperunt
480 1200 511 1256 et
525 1196 671 1257 fraudem
685 1213 751 1256 non
767 1196 936 1275 suspicata
963 1203 1037 1258 sunt
1050 1199 1108 1258 Ec-

127 1293 240 1368 clesiae,
252 1294 336 1372 quia,
347 1311 421 1354 cum
433 1294 612 1355 traderetur
622 1299 775 1356 consueta
790 1294 976 1356 doctrinaet
986 1292 1107 1372 ubique

127 1390 233 1468 vigens
258 1390 438 1468 disciplina,
463 1381 559 1453 hemo
581 1392 621 1452 de
640 1392 833 1470 inquirenda
851 1391 983 1453 veritate
1010 1392 1109 1452 dacu-

128 1494 309 1550 mentorum
324 1489 479 1550 sollicitus
490 1496 568 1552 erat.
589 1491 709 1551 Verum
728 1489 814 1549 aliud
838 1489 964 1550 evenire
980 1488 1109 1550 debuis-

128 1589 183 1660 set,
198 1585 226 1645 si
237 1585 439 1662 disciplinam
455 1602 570 1646 novam
587 1591 618 1646 et
632 1585 742 1646 saeculi
757 1583 900 1645 moribus
916 1584 1109 1645 contrariam
1181 1611 1185 1624 ¹

130 1682 359 1760 exposuissent.
388 1684 592 1762 Quaecunque
608 1688 721 1744 contra
745 1682 1009 1744 consuetudinem
1024 1681 1110 1756 inge-

130 1788 251 1854 runtur,
268 1781 394 1842 etiamsi
407 1781 469 1842 sint
487 1780 581 1856 bona,
606 1782 746 1843 novitate
765 1781 834 1859 ipsa
853 1779 1038 1859 perturbare
1058 1798 1110 1841 so·

131 1880 214 1953 lent;
232 1879 446 1958 multomagis
465 1878 496 1938 id
514 1880 553 1939 de
568 1879 607 1939 iis
619 1879 809 1951 timendum,
833 1878 948 1957 quibus
969 1877 1111 1959 discipli-

131 1995 204 2038 nam
218 1977 374 2056 optimam
386 1983 418 2038 et
434 1977 585 2038 diuturno
601 1995 659 2038 usu
672 1982 832 2056 receptam
843 1976 956 2055 aliquis
969 1981 1108 2037 evertere

132 2075 348 2136 contenderet.
364 2075 447 2135 Nulli
462 2080 570 2136 autem
591 2077 759 2145 tumultus,
782 2073 861 2134 nulli
884 2075 1039 2135 clamores
1055 2091 1111 2134 au-

133 2173 188 2233 diti
204 2179 276 2233 sunt
291 2171 332 2233 ob
349 2173 441 2233 falsas
464 2173 651 2234 decretales.
673 2175 756 2253 Ergo
777 2173 865 2234 nulla
886 2190 945 2254 per
962 2189 1013 2234 eas
1028 2173 1111 2233 lacta
1145 2200 1147 2204 ·

134 2270 190 2330 luit
202 2271 289 2332 circa
299 2269 502 2348 disciplinam
516 2271 710 2332 immutatio.

170 2370 222 2430 IV.
242 2367 337 2429 Prob.
362 2387 399 2428 ea
421 2387 537 2429 assensu
555 2368 687 2448 pancrati
698 2367 839 2429 Ecclesiae
855 2369 886 2428 in
907 2366 1069 2429 doctrinam
1084 2373 1113 2426 et
1180 2418 1183 2424 .

135 2466 323 2547 discplinam
350 2465 465 2546 qualern
489 2465 645 2526 exhibebat
667 2465 940 2528 Pseudo-Isidorus.
968 2499 1008 2511 -
1037 2467 1112 2536 Haec

137 2563 302 2642 disciplina
326 2565 549 2625 auctoritatem
569 2563 649 2642 legis
673 2564 822 2638 obtinuit,
847 2584 911 2626 non
930 2564 1061 2642 quidem
1084 2563 1113 2624 vi

136 2660 331 2724 collectionis
344 2659 442 2738 ipsius
455 2679 526 2739 quaa
540 2660 662 2740 privata
680 2665 711 2722 et
725 2661 802 2721 falsa
817 2667 895 2736 erat,
910 2661 965 2721 sed
988 2660 1017 2720 vi
1032 2676 1115 2738 praa-

138 2759 319 2821 ccdentium
339 2764 371 2820 ct
392 2758 655 2836 subsequentium
676 2759 828 2820 Ecclesiae
854 2760 973 2838 legum,
999 2756 1115 2836 quibus

137 2857 195 2918 ista
208 2855 377 2933 disciplina
388 2855 449 2916 fnit
461 2856 591 2918 inducta
606 2861 639 2917 et
650 2857 848 2918 confirmata.

175 2955 283 3032 Neque
297 2953 383 3014 dicas
409 2953 611 3033 disciplinam
632 2955 721 3016 falsis
743 2955 945 3017 documentis
964 2953 1116 3016 traditam

39 3091 46 3108 .
138 3052 314 3114 necessario
330 3051 564 3130 reprobandam
585 3055 763 3114 esse..Nam
778 3053 891 3113 Isidori
909 3052 1053 3114 doctrina
1067 3053 1116 3114 vel
1148 3041 1150 3045 ’

139 3150 307 3228 disciplina
331 3167 388 3228 per
408 3150 525 3210 multos
544 3167 645 3210 annos
668 3166 687 3208 a
711 3149 865 3220 conciliis,
894 3149 1059 3230 Episcopis
1085 3156 1117 3212 et

139 3249 255 3310 scholis
274 3246 440 3327 catholicis
457 3252 607 3324 tanquam
625 3245 793 3307 laudabilis
814 3246 953 3308 admissa
975 3247 1052 3323 luit;
1070 3254 1118 3311 at-

140 3347 192 3425 qui
213 3345 358 3407 Ecclesia
380 3344 492 3422 nequit
513 3360 629 3421 errare,
656 3347 732 3406 dum
759 3344 914 3424 approbat
938 3346 1117 3408 doctrinam

139 3445 186 3504 vel
222 3443 425 3522 disciplinam
449 3443 641 3520 generalem.
668 3442 756 3504 Licet
781 3443 922 3504 Ecclesia
950 3443 1116 3522 probando

143 3540 319 3602 doctrinam
332 3557 404 3619 quae
423 3539 637 3602 communiter
657 3539 689 3598 in
708 3538 825 3600 scholis
838 3539 1004 3602 catholicis
1019 3537 1116 3599 tradi-
