2620 4258
245 193 303 242 als
410 194 566 240 expostulo
588 193 766 240 undecuma
786 193 870 238 tuuis
891 192 1047 238 canoaldi.

244 316 401 396 Equidem
414 333 479 377 non
494 315 556 376 alio
569 317 631 377 tine
654 315 694 376 ad
708 319 834 377 tantum
849 315 980 378 honoris
1010 319 1041 376 et
1056 317 1224 393 potestatis

245 413 406 494 fastigium
422 413 611 474 Patriarchae
627 413 764 475 Orientis
782 413 880 475 erecti
910 418 994 488 sunt,
1022 411 1083 472 nisi
1109 417 1145 474 ut
1159 413 1224 492 ipsi

244 511 512 574 abundantiorem
534 509 730 589 principatus
749 508 915 590 apostolici
936 497 1219 589 participationem

243 609 362 688 adepti,
383 615 414 672 et
428 627 485 687 per
511 625 581 670 eam
602 625 676 668 cnm
700 609 816 670 Sancta
831 607 912 669 Sede
926 607 1042 670 arctius
1066 609 1218 688 colligati,

243 707 363 786 pariter
375 725 447 767 suas
464 705 620 768 Ecclesiae
634 706 674 764 ad
687 705 818 768 unitatis
836 709 982 767 centrum
1000 703 1216 769 devincirent.

244 809 362 870 Verum
376 805 408 865 in
424 804 560 866 schisma
574 803 653 882 lapsi
664 808 749 879 sunt,
763 809 795 866 et
810 820 920 865 eorum
934 803 1024 864 sedes
1038 805 1135 865 simul
1151 823 1228 866 cum

244 903 441 982 subjectione
469 902 612 961 Romano
635 900 781 962 Pontifici
804 899 977 962 amiserunt
1001 901 1073 979 jura
1087 900 1227 980 patriar·

244 999 356 1062 chalia.

284 1097 340 1158 His
352 1096 480 1158 sedibus
494 1095 689 1174 atyrannide
701 1095 910 1158 harbarorum
925 1095 1051 1171 eversis,
1068 1097 1225 1158 Summus

244 1193 402 1267 Pontiiex‚
416 1211 455 1255 ne
468 1193 640 1271 insignium
652 1193 869 1255 Ecclesiarum
892 1193 1046 1254 memoria
1060 1192 1224 1256 oblivione

244 1293 398 1364 deleatur,
418 1291 606 1368 dignitatem
629 1291 875 1370 patriarchalem
889 1291 1013 1352 confert
1029 1291 1223 1368 quibusdam

244 1388 409 1468 Episcopis
432 1388 536 1448 latinis
557 1388 611 1466 qui
630 1390 741 1448 Romae
757 1389 945 1466 plerumque
966 1395 1222 1461 commorantur,

242 1486 330 1546 nulla
343 1486 563 1565 jurisdictione
578 1484 715 1564 praediti.
731 1486 902 1563 Propterea
918 1484 1070 1546 dicuntur
1085 1486 1224 1548 Patriar·

244 1583 312 1645 chae
324 1583 480 1644 titulares.
998 1577 1000 1582 ’

282 1683 320 1744 ll.
333 1681 710 1742 Potrrurclraediversorum
724 1680 846 1741 rituum.
863 1713 903 1725 -
914 1681 962 1741 lix
976 1680 1076 1742 ruinis
1088 1682 1223 1760 patriar-

244 1780 395 1840 chatuum
420 1780 623 1840 orientalium
652 1782 770 1840 exortae
788 1782 862 1838 sunt
884 1778 953 1839 aliae
978 1779 1147 1858 dignitates
1162 1796 1222 1858 pa·

244 1876 427 1937 triarchales
441 1894 499 1954 pro
512 1876 606 1936 variis
618 1875 731 1937 ritibus
741 1874 894 1950 Orientis;
908 1894 936 1937 v.
948 1894 978 1954 g.
990 1875 1130 1950 Armeni,
1142 1875 1222 1938 Mel-

216 1975 218 1982 ’
244 1973 350 2048 chitre,
380 1973 543 2034 Maronitae
566 1989 639 2034 snos
669 1972 790 2034 habent
814 1973 1011 2051 patriarchas
1039 1974 1092 2052 qui
1121 1975 1219 2035 fidem

243 2069 435 2132 catholicam
464 2071 663 2148 profitentur,
681 2075 713 2132 et
732 2070 1008 2134 confirmationem
1033 2089 1051 2132 a
1072 2073 1216 2134 Romano

243 2167 399 2229 Pontifice
414 2172 665 2245 consequuntur.

282 2267 335 2327 ΙΙΙ.
352 2264 541 2326 Patrt‘orchoe
551 2265 686 2327 minores.
697 2269 777 2328 -ln
788 2267 931 2330 Ecclesia
941 2265 1130 2329 occidentali
1142 2269 1217 2328 sunt

243 2358 296 2418 alii
309 2358 497 2438 patriarcha
512 2359 652 2421 minores
677 2359 766 2435 dicti,
790 2361 914 2424 scilicet
927 2363 1075 2436 Venetus,
1094 2358 1217 2421 Lusita-
1296 2435 1297 2445 χ

241 2474 312 2532 nuS,
327 2457 466 2532 indicus,
485 2457 550 2536 qui,
571 2458 647 2520 licet
658 2459 810 2520 Romanae
824 2458 914 2520 Sedis
927 2457 1092 2538 privilegio
1107 2456 1216 2519 donati
1295 2507 1296 2512 ,

241 2553 359 2616 fuerint
373 2555 503 2618 nomine
518 2555 782 2632 Patriarcharum,
790 2555 1014 2636 jurisdictione
1028 2561 1135 2618 tamen
1146 2555 1215 2617 Me·
1294 2559 1295 2579 ¹

143 2667 147 2674 ·
241 2651 408 2731 tropolitas
419 2671 485 2716 non
496 2660 656 2732 superant.

342 2843 344 2848 '
372 2923 373 2927 ἵ
450 2853 477 2898 2.
495 2850 570 2911 Origo
583 2851 720 2904 Primatum
729 2865 774 2902 seu
785 2849 952 2902 Erat-charum
963 2848 1009 2912 (1).

279 3006 303 3066 l.
330 3004 455 3067 Diversa
477 3005 538 3066 tuit
562 3005 643 3068 ratio
674 3005 889 3069 constituendi
922 3004 1097 3067 Primatias.
1129 3007 1213 3067 Dum

172 3158 173 3162 ,
239 3099 325 3164 enim
339 3103 598 3166 Patriarchalium
612 3104 826 3168 Ecclesiarum
839 3104 941 3164 torma
964 3102 1102 3184 primam
1121 3102 1222 3182 origi-

239 3199 432 3261 nemhahuit
442 3217 479 3261 ex
488 3201 638 3280 singulari
653 3201 828 3263 reverentia
840 3201 873 3260 in
884 3203 1027 3275 Petrum,
1045 3201 1222 3279 Apostolo-

238 3307 308 3353 rum
327 3292 516 3372 principem,
534 3294 688 3357 Primates
702 3311 797 3374 super
811 3291 1077 3374 Archiepiscopos
1093 3293 1222 3356 consti-

271 3461 304 3523 (1)
318 3460 409 3526 chlia,
431 3463 603 3515 institutiones
616 3466 688 3530 juris
702 3463 798 3529 publici
815 3461 987 3528 caecutiat,
1001 3477 1058 3528 para
1069 3464 1103 3527 tl,
1121 3464 1166 3516 lib.
1181 3464 1220 3528 11,

238 3553 293 3604 cap.
305 3548 332 3593 lt.
