<?xml version="1.0" encoding="UTF-8"?>
<!DOCTYPE html PUBLIC "-//W3C//DTD XHTML 1.0 Transitional//EN"
    "http://www.w3.org/TR/xhtml1/DTD/xhtml1-transitional.dtd">
<html xmlns="http://www.w3.org/1999/xhtml" xml:lang="en" lang="en">
 <head>
  <title>
</title>
<meta http-equiv="Content-Type" content="text/html;charset=utf-8" />
  <meta name='ocr-system' content='tesseract 3.04.00' />
  <meta name='ocr-capabilities' content='ocr_page ocr_carea ocr_par ocr_line ocrx_word'/>
</head>
<body>
  <div class='ocr_page' id='page_1' title='image "./expositiomethod00hugugoog_0061.png"; bbox 0 0 2604 4270; ppageno 0'>
   <div class='ocr_carea' id='block_1_1' title="bbox 237 165 1036 217">
    <p class='ocr_par' dir='ltr' id='par_1_1' title="bbox 237 165 1036 217">
     <span class='ocr_line' id='line_1_1' title="bbox 237 165 1036 217; baseline -0.001 -1"><span class='ocrx_word' id='word_1_1' title='bbox 237 171 272 216; x_wconf 74' lang='lat'>¹⁶</span> <span class='ocrx_word' id='word_1_2' title='bbox 401 167 558 217; x_wconf 76' lang='lat' dir='ltr'>uxrosmo</span> <span class='ocrx_word' id='word_1_3' title='bbox 578 165 755 212; x_wconf 73' lang='lat' dir='ltr'>uurflonlcn</span> <span class='ocrx_word' id='word_1_4' title='bbox 775 167 858 213; x_wconf 74' lang='lat' dir='ltr'>tuuis</span> <span class='ocrx_word' id='word_1_5' title='bbox 880 169 1036 215; x_wconf 68' lang='lat' dir='ltr'>cenorum.</span> 
     </span>
    </p>
   </div>
   <div class='ocr_carea' id='block_1_2' title="bbox 160 285 1213 1328">
    <p class='ocr_par' dir='ltr' id='par_1_2' title="bbox 160 285 1211 856">
     <span class='ocr_line' id='line_1_2' title="bbox 234 285 1210 367; baseline 0.001 -17"><span class='ocrx_word' id='word_1_6' title='bbox 234 288 397 350; x_wconf 80' lang='lat' dir='ltr'>terendam</span> <span class='ocrx_word' id='word_1_7' title='bbox 409 285 617 350; x_wconf 87' lang='lat' dir='ltr'>moventibus.</span> <span class='ocrx_word' id='word_1_8' title='bbox 635 285 711 345; x_wconf 84' lang='lat' dir='ltr'>Haec</span> <span class='ocrx_word' id='word_1_9' title='bbox 722 288 829 345; x_wconf 89' lang='lat' dir='ltr'>autem</span> <span class='ocrx_word' id='word_1_10' title='bbox 843 285 950 346; x_wconf 87' lang='lat' dir='ltr'>omnia</span> <span class='ocrx_word' id='word_1_11' title='bbox 965 288 1154 367; x_wconf 88' lang='lat' dir='ltr'>plerumque</span> <span class='ocrx_word' id='word_1_12' title='bbox 1171 305 1210 350; x_wconf 84' lang='lat' dir='ltr'>ex</span> 
     </span>
     <span class='ocr_line' id='line_1_3' title="bbox 234 380 1210 464; baseline 0.001 -17"><span class='ocrx_word' id='word_1_13' title='bbox 234 385 366 447; x_wconf 88' lang='lat' dir='ltr'>historia</span> <span class='ocrx_word' id='word_1_14' title='bbox 376 390 406 447; x_wconf 82' lang='lat' dir='ltr'>et</span> <span class='ocrx_word' id='word_1_15' title='bbox 420 387 601 464; x_wconf 81' lang='lat' dir='ltr'>temporum</span> <span class='ocrx_word' id='word_1_16' title='bbox 621 380 865 444; x_wconf 80' lang='lat' dir='ltr'>circumstantiis</span> <span class='ocrx_word' id='word_1_17' title='bbox 889 384 1108 460; x_wconf 78' lang='lat' dir='ltr'>desumuntur,</span> <span class='ocrx_word' id='word_1_18' title='bbox 1133 403 1210 448; x_wconf 91' lang='lat' dir='ltr'>nam</span> 
     </span>
     <span class='ocr_line' id='line_1_4' title="bbox 234 479 1211 558; baseline -0.001 -13"><span class='ocrx_word' id='word_1_19' title='bbox 234 487 374 558; x_wconf 89' lang='lat' dir='ltr'>eventus,</span> <span class='ocrx_word' id='word_1_20' title='bbox 394 483 492 544; x_wconf 87' lang='lat' dir='ltr'>instar</span> <span class='ocrx_word' id='word_1_21' title='bbox 504 497 608 543; x_wconf 71' lang='lat' dir='ltr'>causa</span> <span class='ocrx_word' id='word_1_22' title='bbox 622 481 669 542; x_wconf 89' lang='lat' dir='ltr'>vel</span> <span class='ocrx_word' id='word_1_23' title='bbox 684 479 872 556; x_wconf 84' lang='lat' dir='ltr'>occasionis,</span> <span class='ocrx_word' id='word_1_24' title='bbox 886 479 1080 544; x_wconf 87' lang='lat' dir='ltr'>induxerunt</span> <span class='ocrx_word' id='word_1_25' title='bbox 1094 480 1211 546; x_wconf 84' lang='lat' dir='ltr'>Conci-</span> 
     </span>
     <span class='ocr_line' id='line_1_5' title="bbox 234 578 1211 659; baseline -0.001 -17"><span class='ocrx_word' id='word_1_26' title='bbox 234 581 276 642; x_wconf 91' lang='lat' dir='ltr'>lia</span> <span class='ocrx_word' id='word_1_27' title='bbox 295 585 326 643; x_wconf 93' lang='lat' dir='ltr'>et</span> <span class='ocrx_word' id='word_1_28' title='bbox 342 581 510 642; x_wconf 86' lang='lat' dir='ltr'>Pontifices</span> <span class='ocrx_word' id='word_1_29' title='bbox 528 579 568 644; x_wconf 88' lang='lat' dir='ltr'>ad</span> <span class='ocrx_word' id='word_1_30' title='bbox 590 579 674 658; x_wconf 88' lang='lat' dir='ltr'>leges</span> <span class='ocrx_word' id='word_1_31' title='bbox 693 578 883 640; x_wconf 90' lang='lat' dir='ltr'>statuendas.</span> <span class='ocrx_word' id='word_1_32' title='bbox 905 578 1118 650; x_wconf 86' lang='lat' dir='ltr'>Quamobrem</span> <span class='ocrx_word' id='word_1_33' title='bbox 1135 581 1211 659; x_wconf 89' lang='lat' dir='ltr'>plu·</span> 
     </span>
     <span class='ocr_line' id='line_1_6' title="bbox 160 671 1209 756; baseline 0.002 -18"><span class='ocrx_word' id='word_1_34' title='bbox 160 671 165 679; x_wconf 83' lang='grc'><strong>’</strong></span> <span class='ocrx_word' id='word_1_35' title='bbox 235 678 324 738; x_wconf 84' lang='lat' dir='ltr'>rimae</span> <span class='ocrx_word' id='word_1_36' title='bbox 354 677 542 751; x_wconf 85' lang='lat' dir='ltr'>decisiones,</span> <span class='ocrx_word' id='word_1_37' title='bbox 566 693 637 756; x_wconf 88' lang='lat' dir='ltr'>quae</span> <span class='ocrx_word' id='word_1_38' title='bbox 656 675 690 736; x_wconf 93' lang='lat' dir='ltr'>in</span> <span class='ocrx_word' id='word_1_39' title='bbox 715 677 853 753; x_wconf 83' lang='lat' dir='ltr'>Corpore</span> <span class='ocrx_word' id='word_1_40' title='bbox 873 676 953 754; x_wconf 88' lang='lat' dir='ltr'>juris</span> <span class='ocrx_word' id='word_1_41' title='bbox 978 682 1110 754; x_wconf 87' lang='lat' dir='ltr'>exstant,</span> <span class='ocrx_word' id='word_1_42' title='bbox 1138 679 1209 742; x_wconf 87' lang='lat' dir='ltr'>sine</span> 
     </span>
     <span class='ocr_line' id='line_1_7' title="bbox 234 772 985 856; baseline -0.007 -17"><span class='ocrx_word' id='word_1_43' title='bbox 234 777 415 856; x_wconf 81' lang='lat' dir='ltr'>cognitione</span> <span class='ocrx_word' id='word_1_44' title='bbox 428 775 579 836; x_wconf 87' lang='lat' dir='ltr'>historica</span> <span class='ocrx_word' id='word_1_45' title='bbox 593 772 742 852; x_wconf 86' lang='lat' dir='ltr'>explicari</span> <span class='ocrx_word' id='word_1_46' title='bbox 758 777 919 852; x_wconf 88' lang='lat' dir='ltr'>nequeunt</span> <span class='ocrx_word' id='word_1_47' title='bbox 933 773 985 854; x_wconf 78' lang='lat' dir='ltr'>(i).</span> 
     </span>
    </p>

    <p class='ocr_par' dir='ltr' id='par_1_3' title="bbox 234 871 1213 1131">
     <span class='ocr_line' id='line_1_8' title="bbox 272 871 1213 952; baseline -0.004 -16"><span class='ocrx_word' id='word_1_48' title='bbox 272 876 324 937; x_wconf 89' lang='lat'><em>111.</em></span> <span class='ocrx_word' id='word_1_49' title='bbox 339 876 438 952; x_wconf 84' lang='lat' dir='ltr'>Leges</span> <span class='ocrx_word' id='word_1_50' title='bbox 453 872 671 951; x_wconf 89' lang='lat' dir='ltr'>disciplinares</span> <span class='ocrx_word' id='word_1_51' title='bbox 686 871 801 932; x_wconf 86' lang='lat' dir='ltr'>mutari</span> <span class='ocrx_word' id='word_1_52' title='bbox 813 877 956 950; x_wconf 87' lang='lat' dir='ltr'>possunt.</span> <span class='ocrx_word' id='word_1_53' title='bbox 967 873 1113 934; x_wconf 88' lang='lat' dir='ltr'>Jamvero</span> <span class='ocrx_word' id='word_1_54' title='bbox 1127 889 1213 934; x_wconf 91' lang='lat' dir='ltr'>non-</span> 
     </span>
     <span class='ocr_line' id='line_1_9' title="bbox 235 967 1213 1050; baseline -0.002 -18"><span class='ocrx_word' id='word_1_55' title='bbox 235 972 295 1033; x_wconf 92' lang='lat' dir='ltr'>nisi</span> <span class='ocrx_word' id='word_1_56' title='bbox 319 971 439 1033; x_wconf 90' lang='lat' dir='ltr'>iumine</span> <span class='ocrx_word' id='word_1_57' title='bbox 458 969 598 1032; x_wconf 86' lang='lat' dir='ltr'>historiae</span> <span class='ocrx_word' id='word_1_58' title='bbox 611 967 879 1049; x_wconf 78' lang='lat' dir='ltr'>variasdisciplinae</span> <span class='ocrx_word' id='word_1_59' title='bbox 902 970 1074 1030; x_wconf 82' lang='lat' dir='ltr'>mutationes</span> <span class='ocrx_word' id='word_1_60' title='bbox 1085 970 1213 1050; x_wconf 90' lang='lat' dir='ltr'>perspi-</span> 
     </span>
     <span class='ocr_line' id='line_1_10' title="bbox 234 1071 346 1131; baseline -0.009 0"><span class='ocrx_word' id='word_1_61' title='bbox 234 1071 346 1131; x_wconf 87' lang='lat' dir='ltr'>cimus.</span> 
     </span>
    </p>

    <p class='ocr_par' dir='ltr' id='par_1_4' title="bbox 232 1163 1211 1328">
     <span class='ocr_line' id='line_1_11' title="bbox 274 1163 1211 1244; baseline -0.004 -14"><span class='ocrx_word' id='word_1_62' title='bbox 274 1167 422 1230; x_wconf 88' lang='lat' dir='ltr'>Scientiaa</span> <span class='ocrx_word' id='word_1_63' title='bbox 436 1165 643 1240; x_wconf 88' lang='lat' dir='ltr'>subsidiariae,</span> <span class='ocrx_word' id='word_1_64' title='bbox 660 1163 774 1244; x_wconf 91' lang='lat' dir='ltr'>quibus</span> <span class='ocrx_word' id='word_1_65' title='bbox 786 1165 949 1244; x_wconf 89' lang='lat' dir='ltr'>adjuvatur</span> <span class='ocrx_word' id='word_1_66' title='bbox 963 1165 1107 1242; x_wconf 90' lang='lat' dir='ltr'>historia,</span> <span class='ocrx_word' id='word_1_67' title='bbox 1124 1165 1211 1244; x_wconf 90' lang='lat' dir='ltr'>pari-</span> 
     </span>
     <span class='ocr_line' id='line_1_12' title="bbox 232 1261 726 1328; baseline -0.01 -1"><span class='ocrx_word' id='word_1_68' title='bbox 232 1271 280 1327; x_wconf 87' lang='lat' dir='ltr'>ter</span> <span class='ocrx_word' id='word_1_69' title='bbox 294 1267 311 1328; x_wconf 86' lang='lat' dir='ltr'>J</span> <span class='ocrx_word' id='word_1_70' title='bbox 314 1266 362 1326; x_wconf 95' lang='lat' dir='ltr'>uri</span> <span class='ocrx_word' id='word_1_71' title='bbox 374 1264 527 1327; x_wconf 86' lang='lat' dir='ltr'>canonico</span> <span class='ocrx_word' id='word_1_72' title='bbox 541 1261 726 1324; x_wconf 89' lang='lat' dir='ltr'>inserviunt.</span> 
     </span>
    </p>
   </div>
   <div class='ocr_carea' id='block_1_3' title="bbox 480 1454 953 1516">
    <p class='ocr_par' dir='ltr' id='par_1_5' title="bbox 480 1454 953 1516">
     <span class='ocr_line' id='line_1_13' title="bbox 480 1454 953 1516; baseline -0.004 -8"><span class='ocrx_word' id='word_1_73' title='bbox 480 1461 506 1508; x_wconf 80' lang='grc'>2.</span> <span class='ocrx_word' id='word_1_74' title='bbox 519 1457 618 1508; x_wconf 77' lang='lat' dir='ltr'>Griticae</span> <span class='ocrx_word' id='word_1_75' title='bbox 630 1455 763 1506; x_wconf 80' lang='lat' dir='ltr'>necessitas</span> <span class='ocrx_word' id='word_1_76' title='bbox 776 1461 803 1505; x_wconf 89' lang='lat' dir='ltr'>et</span> <span class='ocrx_word' id='word_1_77' title='bbox 817 1454 898 1506; x_wconf 85' lang='lat' dir='ltr'>officia</span> <span class='ocrx_word' id='word_1_78' title='bbox 909 1455 953 1516; x_wconf 78' lang='lat'><em>(2).</em></span> 
     </span>
    </p>
   </div>
   <div class='ocr_carea' id='block_1_4' title="bbox 169 1613 1229 3162">
    <p class='ocr_par' dir='ltr' id='par_1_6' title="bbox 230 1613 1215 2066">
     <span class='ocr_line' id='line_1_14' title="bbox 272 1613 1211 1693; baseline 0 -17"><span class='ocrx_word' id='word_1_79' title='bbox 272 1618 296 1677; x_wconf 93' lang='grc' dir='ltr'>Ι.</span> <span class='ocrx_word' id='word_1_80' title='bbox 314 1617 460 1678; x_wconf 86' lang='lat' dir='ltr'>Historiae</span> <span class='ocrx_word' id='word_1_81' title='bbox 473 1617 658 1679; x_wconf 90' lang='lat' dir='ltr'>associanda</span> <span class='ocrx_word' id='word_1_82' title='bbox 671 1621 717 1678; x_wconf 89' lang='lat' dir='ltr'>est</span> <span class='ocrx_word' id='word_1_83' title='bbox 730 1615 841 1689; x_wconf 69' lang='lat' dir='ltr'>critico,</span> <span class='ocrx_word' id='word_1_84' title='bbox 860 1631 930 1692; x_wconf 84' lang='lat' dir='ltr'>quae</span> <span class='ocrx_word' id='word_1_85' title='bbox 944 1613 1098 1675; x_wconf 89' lang='lat' dir='ltr'>latissime</span> <span class='ocrx_word' id='word_1_86' title='bbox 1117 1619 1211 1693; x_wconf 90' lang='lat' dir='ltr'>patet</span> 
     </span>
     <span class='ocr_line' id='line_1_15' title="bbox 234 1711 1213 1792; baseline -0.003 -19"><span class='ocrx_word' id='word_1_87' title='bbox 234 1719 388 1791; x_wconf 90' lang='lat' dir='ltr'>quatenus</span> <span class='ocrx_word' id='word_1_88' title='bbox 410 1720 457 1774; x_wconf 89' lang='lat' dir='ltr'>est</span> <span class='ocrx_word' id='word_1_89' title='bbox 474 1731 524 1773; x_wconf 90' lang='lat' dir='ltr'>ars</span> <span class='ocrx_word' id='word_1_90' title='bbox 538 1714 705 1792; x_wconf 88' lang='lat' dir='ltr'>judicandi</span> <span class='ocrx_word' id='word_1_91' title='bbox 732 1715 772 1776; x_wconf 90' lang='lat' dir='ltr'>de</span> <span class='ocrx_word' id='word_1_92' title='bbox 792 1711 940 1792; x_wconf 89' lang='lat' dir='ltr'>operibus</span> <span class='ocrx_word' id='word_1_93' title='bbox 951 1712 1068 1792; x_wconf 86' lang='lat' dir='ltr'>ingenii</span> <span class='ocrx_word' id='word_1_94' title='bbox 1085 1716 1116 1772; x_wconf 89' lang='lat' dir='ltr'>et</span> <span class='ocrx_word' id='word_1_95' title='bbox 1141 1727 1213 1771; x_wconf 93' lang='lat' dir='ltr'>ma-</span> 
     </span>
     <span class='ocr_line' id='line_1_16' title="bbox 234 1811 1213 1892; baseline 0 -21"><span class='ocrx_word' id='word_1_96' title='bbox 234 1827 333 1872; x_wconf 92' lang='lat' dir='ltr'>nuum</span> <span class='ocrx_word' id='word_1_97' title='bbox 351 1811 529 1872; x_wconf 91' lang='lat' dir='ltr'>hominum.</span> <span class='ocrx_word' id='word_1_98' title='bbox 550 1813 585 1872; x_wconf 91' lang='lat' dir='ltr'>In</span> <span class='ocrx_word' id='word_1_99' title='bbox 597 1811 746 1888; x_wconf 84' lang='lat' dir='ltr'>praesenti</span> <span class='ocrx_word' id='word_1_100' title='bbox 761 1811 926 1892; x_wconf 89' lang='lat' dir='ltr'>speciatim</span> <span class='ocrx_word' id='word_1_101' title='bbox 942 1811 1087 1885; x_wconf 91' lang='lat' dir='ltr'>sumitur,</span> <span class='ocrx_word' id='word_1_102' title='bbox 1105 1814 1136 1872; x_wconf 91' lang='lat' dir='ltr'>et</span> <span class='ocrx_word' id='word_1_103' title='bbox 1152 1811 1213 1871; x_wconf 91' lang='lat' dir='ltr'>de-</span> 
     </span>
     <span class='ocr_line' id='line_1_17' title="bbox 233 1905 1215 1988; baseline -0.002 -20"><span class='ocrx_word' id='word_1_104' title='bbox 233 1908 454 1988; x_wconf 87' lang='lat' dir='ltr'>finiripotest:</span> <span class='ocrx_word' id='word_1_105' title='bbox 471 1927 520 1968; x_wconf 85' lang='lat' dir='ltr'>urs</span> <span class='ocrx_word' id='word_1_106' title='bbox 542 1906 703 1988; x_wconf 72' lang='lat' dir='ltr'>judicandi</span> <span class='ocrx_word' id='word_1_107' title='bbox 713 1906 748 1968; x_wconf 84' lang='lat' dir='ltr'>de</span> <span class='ocrx_word' id='word_1_108' title='bbox 768 1908 945 1983; x_wconf 62' lang='lat' dir='ltr'>auctoribus,</span> <span class='ocrx_word' id='word_1_109' title='bbox 970 1907 1052 1977; x_wconf 71' lang='lat' dir='ltr'>libras</span> <span class='ocrx_word' id='word_1_110' title='bbox 1073 1915 1103 1968; x_wconf 89' lang='lat' dir='ltr'>et</span> <span class='ocrx_word' id='word_1_111' title='bbox 1122 1905 1215 1986; x_wconf 82' lang='lat' dir='ltr'>sactis</span> 
     </span>
     <span class='ocr_line' id='line_1_18' title="bbox 230 2005 387 2066; baseline 0 0"><span class='ocrx_word' id='word_1_112' title='bbox 230 2005 387 2066; x_wconf 61' lang='lat' dir='ltr'>historicis.</span> 
     </span>
    </p>

    <p class='ocr_par' dir='ltr' id='par_1_7' title="bbox 229 2103 1221 2572">
     <span class='ocr_line' id='line_1_19' title="bbox 271 2103 1213 2184; baseline -0.001 -17"><span class='ocrx_word' id='word_1_113' title='bbox 271 2106 354 2168; x_wconf 86' lang='lat' dir='ltr'>Olim</span> <span class='ocrx_word' id='word_1_114' title='bbox 364 2122 481 2166; x_wconf 91' lang='lat' dir='ltr'>nomen</span> <span class='ocrx_word' id='word_1_115' title='bbox 492 2105 611 2167; x_wconf 80' lang='lat' dir='ltr'>criticae</span> <span class='ocrx_word' id='word_1_116' title='bbox 622 2110 803 2184; x_wconf 87' lang='lat' dir='ltr'>suspectum</span> <span class='ocrx_word' id='word_1_117' title='bbox 814 2105 884 2179; x_wconf 89' lang='lat' dir='ltr'>fuit,</span> <span class='ocrx_word' id='word_1_118' title='bbox 898 2105 952 2166; x_wconf 90' lang='lat' dir='ltr'>sed</span> <span class='ocrx_word' id='word_1_119' title='bbox 963 2103 1137 2166; x_wconf 87' lang='lat' dir='ltr'>immerito.</span> <span class='ocrx_word' id='word_1_120' title='bbox 1153 2104 1213 2166; x_wconf 82' lang='lat' dir='ltr'>ut-</span> 
     </span>
     <span class='ocr_line' id='line_1_20' title="bbox 232 2191 1207 2280; baseline -0.004 -14"><span class='ocrx_word' id='word_1_121' title='bbox 232 2203 318 2266; x_wconf 88' lang='lat' dir='ltr'>enim</span> <span class='ocrx_word' id='word_1_122' title='bbox 332 2208 360 2264; x_wconf 83' lang='lat' dir='ltr'>i.</span> <span class='ocrx_word' id='word_1_123' title='bbox 377 2201 485 2264; x_wconf 88' lang='lat' dir='ltr'>Omnis</span> <span class='ocrx_word' id='word_1_124' title='bbox 499 2201 610 2263; x_wconf 88' lang='lat' dir='ltr'>critica</span> <span class='ocrx_word' id='word_1_125' title='bbox 623 2201 656 2262; x_wconf 93' lang='lat' dir='ltr'>in</span> <span class='ocrx_word' id='word_1_126' title='bbox 669 2219 707 2264; x_wconf 89' lang='lat' dir='ltr'>eo</span> <span class='ocrx_word' id='word_1_127' title='bbox 722 2207 780 2277; x_wconf 88' lang='lat' dir='ltr'>est,</span> <span class='ocrx_word' id='word_1_128' title='bbox 796 2207 832 2264; x_wconf 89' lang='lat' dir='ltr'>ut</span> <span class='ocrx_word' id='word_1_129' title='bbox 845 2203 1060 2264; x_wconf 78' lang='lat' dir='ltr'>authenticae</span> <span class='ocrx_word' id='word_1_130' title='bbox 1073 2191 1207 2280; x_wconf 86' lang='lat' dir='ltr'>spuriis,</span> 
     </span>
     <span class='ocr_line' id='line_1_21' title="bbox 230 2299 1221 2380; baseline 0 -19"><span class='ocrx_word' id='word_1_131' title='bbox 230 2301 383 2380; x_wconf 82' lang='lat' dir='ltr'>integrae</span> <span class='ocrx_word' id='word_1_132' title='bbox 402 2300 570 2378; x_wconf 86' lang='lat' dir='ltr'>corruptis,</span> <span class='ocrx_word' id='word_1_133' title='bbox 587 2299 682 2379; x_wconf 88' lang='lat' dir='ltr'>digna</span> <span class='ocrx_word' id='word_1_134' title='bbox 694 2301 756 2362; x_wconf 88' lang='lat' dir='ltr'>fide</span> <span class='ocrx_word' id='word_1_135' title='bbox 770 2300 809 2361; x_wconf 91' lang='lat' dir='ltr'>ab</span> <span class='ocrx_word' id='word_1_136' title='bbox 826 2300 965 2379; x_wconf 86' lang='lat' dir='ltr'>indignis</span> <span class='ocrx_word' id='word_1_137' title='bbox 980 2302 1150 2362; x_wconf 90' lang='lat' dir='ltr'>discernat.</span> <span class='ocrx_word' id='word_1_138' title='bbox 1167 2310 1221 2344; x_wconf 86' lang='lat'>—&#39;</span> 
     </span>
     <span class='ocr_line' id='line_1_22' title="bbox 229 2398 1212 2474; baseline -0.002 -14"><span class='ocrx_word' id='word_1_139' title='bbox 229 2403 258 2460; x_wconf 74' lang='grc'>2.</span> <span class='ocrx_word' id='word_1_140' title='bbox 274 2401 343 2460; x_wconf 95' lang='lat' dir='ltr'>Imo</span> <span class='ocrx_word' id='word_1_141' title='bbox 354 2398 557 2460; x_wconf 87' lang='lat' dir='ltr'>noninnoxia</span> <span class='ocrx_word' id='word_1_142' title='bbox 568 2403 703 2474; x_wconf 89' lang='lat' dir='ltr'>tantum,</span> <span class='ocrx_word' id='word_1_143' title='bbox 717 2399 769 2459; x_wconf 89' lang='lat' dir='ltr'>sed</span> <span class='ocrx_word' id='word_1_144' title='bbox 787 2399 1021 2461; x_wconf 88' lang='lat' dir='ltr'>necessariaest</span> <span class='ocrx_word' id='word_1_145' title='bbox 1034 2399 1156 2472; x_wconf 89' lang='lat' dir='ltr'>critica,</span> <span class='ocrx_word' id='word_1_146' title='bbox 1171 2402 1212 2458; x_wconf 89' lang='lat' dir='ltr'>ut</span> 
     </span>
     <span class='ocr_line' id='line_1_23' title="bbox 230 2495 823 2572; baseline 0 -14"><span class='ocrx_word' id='word_1_147' title='bbox 230 2501 354 2558; x_wconf 85' lang='lat' dir='ltr'>constet</span> <span class='ocrx_word' id='word_1_148' title='bbox 369 2497 407 2556; x_wconf 87' lang='lat' dir='ltr'>de</span> <span class='ocrx_word' id='word_1_149' title='bbox 419 2495 558 2572; x_wconf 86' lang='lat' dir='ltr'>fontibus</span> <span class='ocrx_word' id='word_1_150' title='bbox 572 2497 589 2556; x_wconf 88' lang='lat' dir='ltr'>J</span> <span class='ocrx_word' id='word_1_151' title='bbox 591 2496 656 2556; x_wconf 93' lang='lat' dir='ltr'>uris</span> <span class='ocrx_word' id='word_1_152' title='bbox 667 2497 823 2562; x_wconf 90' lang='lat' dir='ltr'>canonici.</span> 
     </span>
    </p>

    <p class='ocr_par' dir='ltr' id='par_1_8' title="bbox 229 2591 1210 2770">
     <span class='ocr_line' id='line_1_24' title="bbox 269 2591 1210 2673; baseline -0.001 -17"><span class='ocrx_word' id='word_1_153' title='bbox 269 2595 387 2656; x_wconf 84' lang='lat' dir='ltr'>Verum</span> <span class='ocrx_word' id='word_1_154' title='bbox 403 2594 513 2656; x_wconf 88' lang='lat' dir='ltr'>critica</span> <span class='ocrx_word' id='word_1_155' title='bbox 527 2591 622 2656; x_wconf 86' lang='lat' dir='ltr'>debet</span> <span class='ocrx_word' id='word_1_156' title='bbox 635 2610 702 2655; x_wconf 91' lang='lat' dir='ltr'>esse</span> <span class='ocrx_word' id='word_1_157' title='bbox 715 2595 861 2673; x_wconf 86' lang='lat' dir='ltr'>genuina,</span> <span class='ocrx_word' id='word_1_158' title='bbox 878 2612 948 2673; x_wconf 84' lang='lat' dir='ltr'>quae</span> <span class='ocrx_word' id='word_1_159' title='bbox 966 2595 1066 2655; x_wconf 89' lang='lat' dir='ltr'>firmis</span> <span class='ocrx_word' id='word_1_160' title='bbox 1083 2594 1210 2657; x_wconf 90' lang='lat' dir='ltr'>nitatur</span> 
     </span>
     <span class='ocr_line' id='line_1_25' title="bbox 229 2691 1100 2770; baseline 0.002 -18"><span class='ocrx_word' id='word_1_161' title='bbox 229 2692 356 2769; x_wconf 86' lang='lat' dir='ltr'>regulis,</span> <span class='ocrx_word' id='word_1_162' title='bbox 373 2709 487 2770; x_wconf 88' lang='lat' dir='ltr'>easque</span> <span class='ocrx_word' id='word_1_163' title='bbox 501 2708 626 2753; x_wconf 92' lang='lat' dir='ltr'>summa</span> <span class='ocrx_word' id='word_1_164' title='bbox 640 2691 926 2770; x_wconf 87' lang='lat' dir='ltr'>circumspectione</span> <span class='ocrx_word' id='word_1_165' title='bbox 941 2693 1100 2754; x_wconf 91' lang='lat' dir='ltr'>adhibeat.</span> 
     </span>
    </p>

    <p class='ocr_par' dir='ltr' id='par_1_9' title="bbox 267 2789 1041 2854">
     <span class='ocr_line' id='line_1_26' title="bbox 267 2789 1041 2854; baseline 0.003 -4"><span class='ocrx_word' id='word_1_166' title='bbox 267 2791 306 2850; x_wconf 90' lang='lat' dir='ltr'>ll.</span> <span class='ocrx_word' id='word_1_167' title='bbox 320 2790 392 2849; x_wconf 83' lang='lat' dir='ltr'>Tria</span> <span class='ocrx_word' id='word_1_168' title='bbox 405 2795 478 2850; x_wconf 90' lang='lat' dir='ltr'>sunt</span> <span class='ocrx_word' id='word_1_169' title='bbox 490 2789 595 2851; x_wconf 82' lang='lat' dir='ltr'>officia</span> <span class='ocrx_word' id='word_1_170' title='bbox 606 2789 727 2852; x_wconf 88' lang='lat' dir='ltr'>criticae</span> <span class='ocrx_word' id='word_1_171' title='bbox 741 2789 774 2850; x_wconf 93' lang='lat' dir='ltr'>in</span> <span class='ocrx_word' id='word_1_172' title='bbox 786 2791 803 2852; x_wconf 88' lang='lat' dir='ltr'>J</span> <span class='ocrx_word' id='word_1_173' title='bbox 807 2808 862 2852; x_wconf 86' lang='lat' dir='ltr'>ure</span> <span class='ocrx_word' id='word_1_174' title='bbox 876 2791 1041 2854; x_wconf 91' lang='lat' dir='ltr'>canonico.</span> 
     </span>
    </p>

    <p class='ocr_par' dir='ltr' id='par_1_10' title="bbox 169 2886 1229 3162">
     <span class='ocr_line' id='line_1_27' title="bbox 268 2886 1209 2966; baseline 0.006 -19"><span class='ocrx_word' id='word_1_175' title='bbox 268 2887 296 2947; x_wconf 84' lang='lat' dir='ltr'>i.</span> <span class='ocrx_word' id='word_1_176' title='bbox 314 2886 468 2948; x_wconf 82' lang='lat' dir='ltr'>ecdicum</span> <span class='ocrx_word' id='word_1_177' title='bbox 483 2892 514 2948; x_wconf 92' lang='lat' dir='ltr'>et</span> <span class='ocrx_word' id='word_1_178' title='bbox 530 2892 811 2950; x_wconf 86' lang='lat' dir='ltr'>monumentorum</span> <span class='ocrx_word' id='word_1_179' title='bbox 820 2889 1042 2950; x_wconf 84' lang='lat' dir='ltr'>auctoritatem</span> <span class='ocrx_word' id='word_1_180' title='bbox 1056 2887 1209 2966; x_wconf 85' lang='lat' dir='ltr'>inquirit.</span> 
     </span>
     <span class='ocr_line' id='line_1_28' title="bbox 169 2974 1229 3064; baseline 0.004 -21"><span class='ocrx_word' id='word_1_181' title='bbox 169 3017 173 3023; x_wconf 93' lang='lat'>-</span> <span class='ocrx_word' id='word_1_182' title='bbox 228 2985 273 3044; x_wconf 78' lang='lat' dir='ltr'>iia</span> <span class='ocrx_word' id='word_1_183' title='bbox 292 2974 573 3046; x_wconf 88' lang='lat' dir='ltr'>monumentorum</span> <span class='ocrx_word' id='word_1_184' title='bbox 594 2985 781 3048; x_wconf 87' lang='lat' dir='ltr'>auctoritate</span> <span class='ocrx_word' id='word_1_185' title='bbox 799 2985 895 3047; x_wconf 89' lang='lat' dir='ltr'>etiam</span> <span class='ocrx_word' id='word_1_186' title='bbox 917 2985 1229 3064; x_wconf 90' lang='lat' dir='ltr'>comprehenditur·</span> 
     </span>
     <span class='ocr_line' id='line_1_29' title="bbox 228 3079 1207 3162; baseline 0.007 -24"><span class='ocrx_word' id='word_1_187' title='bbox 228 3079 393 3159; x_wconf 81' lang='lat' dir='ltr'>inscriptio</span> <span class='ocrx_word' id='word_1_188' title='bbox 406 3082 556 3158; x_wconf 89' lang='lat' dir='ltr'>auctoris,</span> <span class='ocrx_word' id='word_1_189' title='bbox 573 3081 730 3144; x_wconf 91' lang='lat' dir='ltr'>librorum</span> <span class='ocrx_word' id='word_1_190' title='bbox 741 3083 914 3162; x_wconf 85' lang='lat' dir='ltr'>integritas,</span> <span class='ocrx_word' id='word_1_191' title='bbox 926 3087 1071 3146; x_wconf 88' lang='lat' dir='ltr'>accurata</span> <span class='ocrx_word' id='word_1_192' title='bbox 1086 3083 1207 3160; x_wconf 87' lang='lat' dir='ltr'>versi0,</span> 
     </span>
    </p>
   </div>
   <div class='ocr_carea' id='block_1_5' title="bbox 226 3217 1213 3550">
    <p class='ocr_par' dir='ltr' id='par_1_11' title="bbox 226 3217 1209 3360">
     <span class='ocr_line' id='line_1_30' title="bbox 257 3217 1209 3300; baseline 0.009 -22"><span class='ocrx_word' id='word_1_193' title='bbox 257 3231 291 3294; x_wconf 78' lang='lat' dir='ltr'>(t)</span> <span class='ocrx_word' id='word_1_194' title='bbox 307 3217 438 3293; x_wconf 75' lang='lat' dir='ltr'>zenin&#39;gcr,</span> <span class='ocrx_word' id='word_1_195' title='bbox 460 3235 653 3285; x_wconf 81' lang='lat' dir='ltr'>institutionum</span> <span class='ocrx_word' id='word_1_196' title='bbox 670 3235 744 3300; x_wconf 80' lang='lat' dir='ltr'>&#39;juris</span> <span class='ocrx_word' id='word_1_197' title='bbox 763 3234 926 3286; x_wconf 73' lang='lat' dir='ltr'>eeclertustici</span> <span class='ocrx_word' id='word_1_198' title='bbox 955 3235 1017 3286; x_wconf 86' lang='lat' dir='ltr'>liber</span> <span class='ocrx_word' id='word_1_199' title='bbox 1048 3235 1209 3299; x_wconf 76' lang='lat' dir='ltr'>isagogicas,</span> 
     </span>
     <span class='ocr_line' id='line_1_31' title="bbox 226 3321 351 3360; baseline -0.016 0"><span class='ocrx_word' id='word_1_200' title='bbox 226 3321 351 3360; x_wconf 80' lang='lat' dir='ltr'>ca.v11.</span> 
     </span>
    </p>

    <p class='ocr_par' dir='ltr' id='par_1_12' title="bbox 227 3323 1213 3550">
     <span class='ocr_line' id='line_1_32' title="bbox 257 3323 1213 3475; baseline 0.012 -37"><span class='ocrx_word' id='word_1_201' title='bbox 257 3323 295 3451; x_wconf 48' lang='lat' dir='ltr'>1st)</span> <span class='ocrx_word' id='word_1_202' title='bbox 309 3388 434 3452; x_wconf 80' lang='lat' dir='ltr'>tiabiilou,</span> <span class='ocrx_word' id='word_1_203' title='bbox 449 3392 484 3475; x_wconf 60' lang='lat' dir='ltr'>lta</span> <span class='ocrx_word' id='word_1_204' title='bbox 496 3393 590 3443; x_wconf 68' lang='lat' dir='ltr'>studiat</span> <span class='ocrx_word' id='word_1_205' title='bbox 605 3394 761 3458; x_wconf 75' lang='lat' dir='ltr'>monasticis.</span> <span class='ocrx_word' id='word_1_206' title='bbox 780 3421 812 3433; x_wconf 93' lang='lat'><em>-</em></span> <span class='ocrx_word' id='word_1_207' title='bbox 835 3394 954 3446; x_wconf 81' lang='lat' dir='ltr'>Honorati</span> <span class='ocrx_word' id='word_1_208' title='bbox 968 3409 983 3446; x_wconf 80' lang='lat' dir='ltr'>e</span> <span class='ocrx_word' id='word_1_209' title='bbox 1005 3395 1097 3448; x_wconf 81' lang='lat' dir='ltr'>Sancta</span> <span class='ocrx_word' id='word_1_210' title='bbox 1113 3395 1213 3462; x_wconf 81' lang='lat' dir='ltr'>Maria,</span> 
     </span>
     <span class='ocr_line' id='line_1_33' title="bbox 227 3468 853 3550; baseline 0.011 -31"><span class='ocrx_word' id='word_1_211' title='bbox 227 3468 460 3550; x_wconf 63' lang='lat' dir='ltr'>animaduersiones</span> <span class='ocrx_word' id='word_1_212' title='bbox 470 3471 496 3521; x_wconf 81' lang='lat' dir='ltr'>in</span> <span class='ocrx_word' id='word_1_213' title='bbox 506 3473 608 3536; x_wconf 71' lang='lat' dir='ltr'>regulas</span> <span class='ocrx_word' id='word_1_214' title='bbox 622 3477 646 3524; x_wconf 88' lang='lat' dir='ltr'>et</span> <span class='ocrx_word' id='word_1_215' title='bbox 662 3489 734 3524; x_wconf 81' lang='lat' dir='ltr'>urum</span> <span class='ocrx_word' id='word_1_216' title='bbox 747 3474 853 3526; x_wconf 73' lang='lat' dir='ltr'>critice.</span> 
     </span>
    </p>
   </div>
   <div class='ocr_carea' id='block_1_6' title="bbox 0 0 1306 4270">
    <p class='ocr_par' dir='ltr' id='par_1_13' title="bbox 0 0 1306 4270">
     <span class='ocr_line' id='line_1_34' title="bbox 0 0 1306 4270; baseline 0 1"><span class='ocrx_word' id='word_1_217' title='bbox 0 0 1306 4270; x_wconf 95' lang='lat' dir='ltr'> </span> 
     </span>
    </p>
   </div>
  </div>
 </body>
</html>
