2630 4250
478 273 552 332 elas
573 273 737 335 sentiaris.

154 401 257 483 Igitur
270 403 495 466 enumeranda
509 406 583 464 sunt
599 422 606 464 :

155 542 183 595 l.
203 538 432 609 lrregularitales
446 553 481 594 cx
493 535 621 596 delectu.

152 631 184 707 2.
202 627 433 700 lrregularitatee
446 643 482 695 ex
495 625 613 685 delicto.

269 879 272 886 Δ
386 817 408 864 1.
420 811 622 876 languidiores
632 826 662 866 ex
676 815 775 868 delectu
786 818 840 881 (l).-

156 956 239 1020 Aliae
251 961 324 1021 sunt
341 959 485 1021 delectus
498 959 638 1042 corporis,
655 961 725 1025 aliae
741 964 884 1028 delectus
895 963 997 1028 aurini.

154 1059 186 1120 I.
203 1059 252 1119 Ad
268 1058 410 1122 detectus
426 1059 569 1138 corporis
584 1047 786 1124 referuntur:

156 1157 188 1216 l.
213 1153 352 1236 Defectus
375 1154 528 1218 autolium.
553 1157 589 1218 ln
610 1159 708 1220 veteri
731 1159 901 1242 disciplina
923 1179 1019 1224 nemo
1044 1163 1099 1242 qui

115 1251 232 1332 dignus
257 1257 349 1326 esset,
386 1253 427 1315 ob
460 1253 546 1332 bunc
581 1254 742 1320 delectum
765 1258 805 1320 ab
827 1257 992 1321 ordinibus
1011 1277 1101 1322 arce-

114 1350 220 1414 batur.
236 1353 404 1416 Atseeculo
419 1353 596 1432 presertim
608 1365 655 1418 x1⁰
669 1355 844 1436 prohibitio
854 1358 893 1419 ad
910 1374 1020 1421 omnes
1032 1357 1099 1422 ille-

116 1451 247 1532 gitimos
261 1457 388 1514 extensa
406 1457 465 1516 est.

157 1552 233 1612 Haeo
255 1548 468 1628 irregularitas
486 1549 589 1614 tribus
610 1553 715 1616 modis
737 1553 939 1636 abstergitur,
966 1553 1014 1620 uel
1041 1570 1099 1638 per

117 1649 314 1730 subsequens
334 1650 594 1736 matrimonium„
612 1653 661 1714 vel
688 1671 745 1733 per
768 1655 999 1732 professionem
1025 1657 1100 1718 reli·

118 1747 252 1829 giosam,
266 1751 313 1813 rel
324 1747 587 1832 perpontificium
599 1749 801 1829 rescriptum.
811 1752 960 1835 Episcopi
969 1753 1099 1834 dispen-

119 1865 188 1910 sare
200 1853 334 1927 possunt
348 1867 407 1930 pro
418 1846 596 1910 minoribus
609 1848 784 1911 ordinibus.

159 1951 189 2010 2.
205 1942 344 2029 Defectus
363 1945 517 2010 libertatis.
538 1946 588 2008 llli
617 1948 672 2026 qui
698 1949 792 2012 certis
812 1949 945 2014 vinculis
969 1949 1099 2013 saecula·

117 2043 205 2108 ribus
216 2045 430 2126 implicantur,
447 2044 570 2107 militiae
581 2045 826 2113 christinomen
838 2047 1096 2128 darenequeunt.

117 2143 213 2207 Juxta
235 2143 320 2206 istud
344 2143 539 2224 principium
565 2142 754 2222 irregulares
782 2143 968 2208 habentur:
994 2145 1100 2226 primo

116 2242 196 2304 seror·
203 2241 336 2322 proprie
359 2243 448 2318 dicti,
465 2241 528 2303 nisi
548 2257 566 2301 a
584 2239 716 2304 domino
733 2238 1100 2308 libertatem-consecuti

114 2339 1099 2424 luerint;seeundo‚publicaepecuniaedepositorii,pupillorom

112 2444 249 2516 totores,
265 2439 326 2500 nisi
341 2440 479 2502 rationes
499 2437 600 2518 probe
623 2438 839 2516 reddiderint3
860 2439 1020 2523 conjupoti‚
1037 2441 1099 2506 nisi

115 2555 231 2600 uxores
249 2535 451 2601 consentiant
464 2539 495 2598 et
508 2535 686 2598 castitatem
701 2543 843 2604 voveant.

155 2639 185 2698 3.
201 2635 341 2717 Defectus
361 2633 472 2698 'tctotic
490 2637 581 2697 Certa
602 2639 677 2718 etas
699 2653 757 2715 pro
781 2627 913 2716 singulis
934 2628 1099 2700 ordinibus

116 2731 1098 2816 requiritur.ExConcilioTridentinosubdiaconusdiaoonua

116 2833 1098 2916 presbyternonordinatoranteinceptlrmannumtmtistb.

117 2935 214 2996 Juxta
227 2938 369 2996 veterem
385 2930 598 3010 disciplinam,
615 2935 746 2993 tonsura
765 2935 796 2994 et
817 2930 958 3008 minones
972 2931 1100 2993 ordines

117 3036 191 3112 post
218 3027 380 3110 expletum
410 3029 611 3109 septennium
639 3030 864 3108 conteruntur3
897 3024 1099 3110 episcopatus

115 3148 192 3194 vero
208 3133 281 3208 post
295 3129 456 3208 expletum
473 3145 591 3189 annum
606 3121 654 3190 30.
880 3126 884 3135 “

157 3211 1099 3310 d.Defectusipsiu'scurporis.Exduplicicapiteiiregularit'a·

118 3331 184 3390 tem
196 3323 321 3388 inducit
336 3329 343 3386 ὲ
362 3325 479 3404 primo,
500 3324 527 3384 si
542 3321 689 3385 debilitas
704 3323 858 3386 clericum
869 3343 962 3391 sacro
973 3326 1098 3389 muneri

119 3423 268 3490 obeundo
278 3423 435 3505 imparem
444 3422 552 3499 laciat3
565 3423 718 3501 seeundo,
726 3421 753 3484 si
763 3423 905 3506 eorporis
916 3425 1099 3490 deformitas

152 3581 185 3646 ll)
198 3577 301 3648 Devoti,
322 3577 512 3630 Institutionum
530 3576 706 3628 canonicorum
724 3577 772 3630 lin.
797 3576 820 3640 l,
833 3575 876 3631 tit.
895 3569 939 3631 vti.
959 3605 987 3618 ···
1006 3577 1100 3644 Soglia,

120 3659 373 3725 lmtilutioueajuris
384 3656 491 3724 puvau,
501 3656 546 3708 lib.
561 3655 582 3720 l,
592 3668 649 3719 cap.
660 3667 706 3707 ru.
