2626 4258
289 243 342 289 360
389 302 391 308 ¹
462 241 620 288 uxrosrrlo
641 242 819 289 muruoolca
840 246 923 290 tuuis
945 245 1101 291 cartorum.

284 359 362 420 tiam
374 359 550 421 inlidelium
566 360 707 421 fundavit
721 358 882 441 Colleqr‘em
895 364 1122 441 propaganda,
1140 363 1174 422 in
1202 381 1275 442 quo

284 458 499 520 adolescentes
518 463 640 519 exteros
658 459 691 519 in
706 459 821 538 linguis
837 477 873 522 ac
888 461 985 522 sacris
1001 460 1177 540 disciplinis
1192 479 1276 523 eru-

284 555 345 616 diri
359 555 468 628 voluit,
487 559 522 615 nt
537 554 571 614 in
586 555 687 634 patria
702 574 756 616 sua
773 557 869 618 iidem
883 552 1088 619 seminarent.

322 656 350 716 3.
370 653 522 715 Palatium
536 654 791 732 congregationis
806 656 948 717 continet
961 654 1187 738 typopraplriem
1201 675 1273 736 qua

281 752 355 815 libri
369 753 531 834 religionis
545 753 578 814 in
594 752 742 814 omnibus
757 753 872 834 linguis
888 755 1038 818 eduntur.

438 979 471 1032 11.
486 1005 518 1018 -
531 979 738 1043 congregationes
749 979 907 1044 disciplinam
925 979 1095 1045 respicientes.

318 1153 341 1206 1.
356 1149 545 1222 Congregatio
561 1149 676 1206 concilii
694 1149 855 1208 Tridentini
869 1151 1026 1228 interpres.

315 1243 342 1296 2.
357 1240 546 1312 Congregatio
560 1241 692 1296 Rituum.

315 1329 341 1386 ³.
356 1327 471 1386 Caeleree
486 1331 738 1400 congregationes.

464 1555 490 1602 1.
510 1547 671 1612 congregatio
687 1545 784 1598 concilii
801 1545 941 1597 Tridentini
955 1545 1085 1609 interpres.

317 1735 342 1796 l.
359 1731 522 1796 Institutio.
538 1765 578 1779 -
592 1732 768 1795 Concilium
782 1731 1004 1792 'tridentinum
1023 1729 1064 1808 (l)
1083 1727 1265 1809 diligentias

278 1829 315 1892 R.
328 1831 1005 1893 Pontificisoommisitsuorumdecretorum
1023 1828 1264 1890 executionem.

278 1930 321 1989 Ut
344 1929 484 1989 Ecclesia
507 1928 589 1992 hanc
615 1928 865 1990 sollicitudinem
889 1926 1095 2005 experiretur,
1121 1925 1196 1986 Pius
1220 1927 1268 1988 IV

278 2026 442 2106 prohibuit
464 2043 505 2087 ne
529 2026 642 2105 privati
666 2028 798 2088 ederent
821 2025 1051 2086 commentaria
1077 2024 1109 2083 in
1130 2024 1269 2086 decreta

280 2122 422 2194 concilii,
441 2127 472 2184 et
495 2123 633 2184 instituit
658 2123 943 2202 Congregationem
965 2120 1177 2184 Cardinalium
1207 2120 1269 2198 qui

279 2220 417 2281 concilio
431 2220 650 2294 interfuerant,
667 2221 798 2302 ejusque
812 2238 937 2282 sensum
947 2225 1109 2294 noverant,
1126 2224 1160 2280 nt
1176 2217 1269 2280 illius

279 2320 482 2381 decretorum
496 2319 674 2383 executioni
696 2325 728 2382 et
741 2318 997 2398 interpretationi
1010 2322 1192 2380 constanter
1206 2335 1268 2379 va-

279 2425 398 2480 carent.

319 2517 360 2579 ll.
376 2517 517 2600 Officium
531 2519 597 2599 ejus
612 2519 730 2598 duplex
745 2523 793 2580 est
812 2537 819 2579 ε
838 2521 865 2580 1.
885 2516 1106 2599 Interpretatur
1120 2532 1267 2578 oenones

279 2615 492 2679 Tridentinos.
509 2617 666 2697 Equidem
684 2616 758 2678 Pius
778 2617 819 2677 lv
845 2615 875 2676 ei
904 2613 1138 2678 tantum-dedit
1158 2614 1269 2676 iacul-

279 2718 377 2776 tatem
400 2715 577 2794 exequendi
604 2716 731 2776 decreta
759 2713 955 2774 Tridentina.
985 2713 1017 2774 S.
1048 2711 1122 2772 Pius
1144 2711 1271 2774 Vcon·

280 2811 384 2883 cessit,
417 2816 450 2872 ut
475 2830 565 2874 casus
591 2813 693 2874 claros
708 2811 880 2872 decideret.
907 2811 1026 2872 Verum
1042 2808 1146 2870 Sirius
1165 2808 1193 2870 V
1213 2809 1267 2869 illi

280 2909 414 2970 eontulit
437 2910 657 2972 auctoritatem
681 2907 923 2987 interpretandi,
949 2907 1037 2986 prius
1057 2912 1165 2968 tamen
1182 2922 1265 2966 eon·

279 3009 361 3070 sulto
377 3008 541 3084 pontifice,
561 3009 690 3070 decreta
707 2999 833 3069 morum
849 3011 880 3068 et
897 3005 1086 3084 disciplinae,
1103 3009 1266 3067 reservata

278 3105 339 3168 sibi
354 3106 616 3185 interpretatione
635 3122 792 3167 canonum
809 3103 1074 3182 dogmatieorum.

317 3207 346 3266 i.
363 3206 532 3267 Promovet
542 3205 745 3266 decretorum
760 3201 1021 3263 'tridentinorum
1034 3199 1264 3266 observantiam.

278 3301 316 3364 V.
336 3322 365 3382 g.
392 3309 462 3366 acta
482 3303 692 3365 conciliorum
714 3298 957 3381 provincialium
978 3299 1194 3378 recognoscit3
1221 3301 1262 3362 ab

277 3398 444 3479 Episcopis
458 3401 513 3481 qui
529 3401 655 3464 visitant
666 3399 892 3480 Apostolorum
906 3397 1027 3474 limina,
1045 3397 1162 3478 accipit
1176 3399 1263 3461 rela-

308 3603 340 3664 ti)
352 3603 416 3654 sess.
431 3602 507 3667 XXV,
519 3602 551 3654 de
561 3602 711 3669 recipiendis
725 3606 750 3655 et
759 3601 919 3656 observandis
935 3602 1046 3654 Decrelia
1060 3600 1176 3655 Concilr'a‘.
