2626 4258
490 299 564 346 PARS
585 300 751 348 sanctatis.
1052 299 1102 347 887

125 437 203 482 nem
225 419 443 499 legislatiram,
467 419 507 479 ad
529 419 646 480 leviora
669 421 800 500 quidem
823 419 1015 493 restrictam,
1038 417 1102 479 sive

128 517 203 599 quia
218 522 334 579 statuta
344 516 557 596 capitulorum
570 515 609 576 ab
622 518 780 596 Episcopo
792 517 973 578 confirmari
986 516 1099 578 solent.

169 619 199 678 3.
217 617 264 677 Ad
283 617 412 676 eosdem
426 615 564 692 pertinet
578 619 767 677 statutorum
783 615 952 690 correctio,
969 615 1009 675 ad
1017 619 1103 694 ‘quos

129 716 170 776 de
183 715 252 793 jure
266 713 427 775 communi
443 717 565 791 spectat
578 730 689 774 eorum
703 715 860 776 confectio
877 713 887 793 (
908 712 930 792 ).

169 812 346 892 Capitulum
363 816 466 889 potest
480 828 535 870 sua
550 816 675 885 statuta,
691 812 787 873 eliam
802 812 841 872 ab
853 812 1012 890 Episcopo
1027 827 1106 871 con-

128 913 263 984 firmata,
281 914 413 982 mutare,
432 909 528 968 modo
549 907 603 968 illa
616 908 678 969 siut
694 909 733 969 de
757 907 851 969 rebus
870 909 909 968 ad
930 908 1106 986 capitulum

128 1006 373 1089 pcrtinentibus,
402 1012 433 1068 et
455 988 655 1068 ’confirmatio
676 1005 717 1067 sit
730 1004 934 1066 occidentalis.
959 1005 1106 1066 Jamvero

129 1103 334 1167 accidentalis
347 1104 551 1182 praesumitur
565 1104 765 1166 confirmatio
774 1103 807 1164 in
820 1104 957 1164 favorem
969 1108 1105 1164 statuen-

129 1203 211 1266 tium
236 1219 397 1275 concessa,
425 1201 600 1263 essentialis
621 1207 727 1264 autem
749 1201 948 1264 confirmatio
971 1219 1042 1282 quae
1064 1197 1104 1261 a'd

111 1301 251 1366 lunum
266 1300 431 1382 publicum
446 1301 590 1363 retertur.

449 1500 495 1548 Jus
504 1498 641 1560 capitulare
654 1500 680 1549 in
694 1501 784 1550 Gallia.

170 1657 212 1716 Ut
238 1653 321 1714 istud
353 1653 404 1732 jus
440 1652 628 1729 innotescat,
665 1655 728 1716 duo
762 1659 836 1716 sunt
860 1644 1069 1734 expendenda
1096 1674 1103 1716 ε

132 1757 161 1816 t.
188 1752 279 1814 Prior
301 1752 459 1816 confectio
480 1758 670 1818 statutorum
691 1754 913 1833 capitularium
934 1754 968 1816 in
991 1755 1103 1830 Galliac

129 1850 437 1913 2.Eorrrm=revisio.
483 1898 485 1902 .

169 1951 194 2010 l.
226 1948 335 2024 Quibus
361 1948 452 2010 modis
466 1949 583 2012 condita
602 1951 718 2032 suerint
728 1951 829 2032 prima
845 1958 967 2012 statuta.
991 1951 1108 2014 Sancta
1194 1965 1196 1968 ·

131 2047 229 2108 Sedes
238 2047 301 2126 juri
318 2048 480 2108 communi
494 2049 665 2129 derogavit,
679 2049 885 2128 etdpiscopis
897 2049 948 2128 jus
960 2049 1109 2110 transito·

130 2145 216 2210 rium
230 2146 389 2208 concessit
404 2147 444 2206 ad
460 2147 690 2210 concordatum
701 2148 775 2208 anni
789 2150 863 2210 1801
874 2148 1108 2226 exequendum.

172 2246 201 2304 l.
219 2244 393 2306 dardinalis
408 2247 571 2323 Legatusa
585 2247 642 2306 Pio
658 2248 713 2308 Vll
725 2247 850 2324 accepit
871 2245 1109 2324 «amplissimas

130 2342 309 2417 facultates,
327 2343 423 2404 etiarn
452 2341 715 2421 subdelegandas,
744 2343 967 2424 adprobanda
993 2347 1108 2406 statuta

131 2439 348 2518 capitulorum
363 2441 414 2520 (tt.
434 2464 449 2496 s

172 2537 260 2600 idem
274 2539 408 2617 Legatos
419 2539 529 2600 statuit
546 2557 553 2600 :
574 2539 699 2618 oHujus
722 2539 880 2602 facultatis
901 2540 1019 2617 rigore,
1035 2540 1108 2618 Epi-

132 2631 238 2710 scopis
258 2633 428 2694 Galliarum
441 2633 546 2712 primo
560 2634 674 2695 futuris
692 2633 874 2694 facultatem
888 2634 1106 2706 concedimus,

133 2735 169 2798 ut
191 2729 366 2808 capitulum
395 2730 428 2796 in
465 2731 698 2793 cathedralibus
726 2731 877 2794 Ecclesiis
906 2732 1025 2810 erigere
1048 2732 1109 2810 ipsi

131 2829 265 2908 possint,
283 2829 373 2908 juxta
393 2831 528 2892 formam
550 2849 569 2892 a
587 2831 761 2894 canonibus
777 2830 1032 2910 praescriptam...
1054 2831 1109 2892 lis-

132 2927 207 2988 dem
220 2927 386 3006 Episcopis
410 2929 515 3008 primo
539 2929 653 2990 tuturis
678 2946 753 2992 cura
779 2927 848 3002 erit,
868 2933 903 2988 ut
922 2945 992 3006 quae
1013 2927 1111 3004 perti·

129 3030 210 3086 nent
222 3026 261 3086 ad
274 3026 488 3106 capitulorum
503 3027 657 3106 regimen,
669 3045 728 3106 pro
743 3027 930 3090 eorumdem
938 3025 1111 3104 Episcopo·

137 3140 210 3184 rum
240 3125 418 3201 prudentia,
447 3125 701 3199 constituantur,
730 3124 843 3210 relicta
866 3128 973 3184 tamen
997 3138 1110 3185 eorum

134 3222 372 3308 successoribus
386 3228 576 3286 statutorum
592 3223 866 3285 immutandorum
880 3221 1040 3298 facultate,
1065 3237 1112 3286 re·

135 3319 254 3399 quisito
265 3321 352 3398 prius
365 3323 576 3400 capitulorum
592 3321 727 3384 consilio
744 3321 797 3401 (3).
815 3343 829 3378 o

175 3421 251 3481 llaec
265 3420 426 3499 derogatio
434 3421 498 3501 juri
510 3421 672 3484 communi
685 3421 767 3481 lacta
780 3419 849 3494 luit,
868 3435 905 3480 eo
918 3418 1055 3498 quodau
1065 3434 1112 3479 rc·

172 3579 209 3643 (i)
226 3579 451 3644 Schmnlzgrucber,
470 3583 502 3632 de
514 3583 655 3633 cessatione
670 3581 761 3645 lepum.
774 3606 805 3614 -
820 3581 853 3640 (t)
865 3581 936 3628 Bulla
952 3579 1000 3640 Oui
1015 3577 1114 3629 Uirtuti

136 3659 239 3710 Domini
249 3657 342 3725 (1801).
356 3687 384 3698 -
400 3662 431 3724 (3)
443 3662 582 3713 cardinalis
591 3661 675 3725 Legati
688 3661 821 3711 Decretum
830 3659 922 3722 (1802).
