2620 4258
488 251 561 295 PARS
583 251 746 298 securlus.

480 453 500 502 l.
509 477 540 488 -
550 454 587 504 Do
601 453 757 506 electoribus.

132 671 134 674 .
168 607 497 670 Animadvertendum
515 612 562 672 est
579 629 585 670 :
604 611 634 669 κ’
655 609 706 688 jus
732 607 868 686 eligendi
894 607 1107 683 magistratus,

126 703 189 764 nisi
203 701 236 762 in
251 701 320 779 ipsa
329 700 488 762 societatis
501 701 730 762 constitutione
742 701 828 762 aliud
841 705 993 762 statutum
1001 700 1106 774 luerit,

127 815 186 878 per
201 816 234 859 se
245 798 296 876 jus
313 813 380 857 esse
393 795 558 874 potestatis
581 813 749 876 supremae.
768 797 858 857 Unde
879 795 1108 874 sequiturEpi-

126 911 301 976 scoporum
316 894 518 968 electionem,
536 893 596 954 nisi
614 894 850 954 demonstretur
868 893 1029 954 Christum
1051 891 1110 953 ali-

130 999 179 1056 ter
192 992 350 1066 statuisse,
367 1008 425 1070 per
438 1008 471 1054 se
484 991 525 1052 ad
538 993 717 1052 Romanum
732 989 920 1051 Pontificem
936 989 1107 1068 pertinere.
1173 999 1175 1003 ’

169 1094 201 1151 2⁰
215 1090 305 1152 Licet
325 1091 376 1168 jus
402 1088 539 1168 eligendi
550 1089 729 1167 Episcopus
745 1099 802 1168 per
825 1105 858 1148 se
873 1089 912 1148 ad
929 1089 1109 1148 Romanurn

127 1187 317 1249 Pontificem
347 1187 516 1266 pertineat,
544 1185 753 1247 nihilominus
782 1185 848 1264 ejus
872 1185 941 1262 lege
969 1185 1110 1245 velcon-

129 1301 224 1356 sensu
234 1284 376 1364 potuisse
390 1286 429 1344 ad
444 1284 522 1344 alios
538 1289 623 1346 recte
637 1283 769 1357 delerri;
783 1283 868 1360 quod
879 1282 965 1346 enim
977 1282 1109 1361 aliqu'us

128 1383 199 1460 lege
213 1382 261 1443 vel
273 1397 429 1442 consensu
439 1381 485 1458 fit,
501 1380 643 1458 ejusdem
659 1379 808 1444 innititur
823 1377 1019 1440 auctoritati.

168 1479 225 1540 His
241 1477 427 1558 praemissio,
444 1477 620 1538 referemus
631 1477 682 1556 jus
695 1476 875 1554 antiquum,
892 1477 943 1554 jus
958 1477 1110 1536 Decreta·

125 1576 211 1637 lium
224 1582 256 1637 et
266 1575 317 1654 jus
340 1574 547 1636 novissimum
563 1575 602 1634 de
628 1572 864 1651 Episcoporum
888 1571 1109 1635 electionibus.

488 1775 510 1820 1.
526 1771 603 1820 Vetus
613 1769 754 1832 disciplina.

168 1929 194 1998 1.
212 1929 248 1988 ln
260 1927 337 2006 ipsis
354 1927 505 1988 Ecclesiae
527 1927 676 2006 exordiis,
704 1927 854 2005 Episcopi
883 1927 922 1988 ab
948 1925 1110 2005 Apostolis
1199 1930 1200 1933 ’

82 2011 85 2017 ’
126 2025 294 2088 constituti
310 2029 392 2084 sunt.
410 2023 571 2101 Apostolis
584 2023 754 2099 defunctis,
780 2028 905 2085 tantum
930 2024 1016 2086 Petri
1037 2041 1110 2086 suc·

132 2121 1110 2201 cessoresRomaniPontiilcesEpiscoposinstituerepotuerunt

133 2222 245 2284 eodem
263 2220 334 2300 jure
347 2238 417 2299 quo·
435 2221 546 2280 Petrus
568 2219 635 2296 ipse
651 2220 871 2284 constituerat.
891 2220 1019 2282 Etenim
1040 2220 1110 2280 baec

132 2323 282 2398 potestas,
309 2334 380 2394 quae
419 2315 452 2374 iu
478 2315 640 2393 Apostolis
662 2321 727 2377 erat
749 2317 1010 2392 extraordinaria,
1036 2333 1110 2379 cum

133 2416 210 2496 ipsis
233 2413 373 2487 interiit;
401 2429 512 2473 verum
529 2415 577 2472 est
597 2411 758 2474 ordinaria
775 2412 807 2472 in
831 2414 1041 2476 Pontificibus
1061 2432 1113 2475 ro-

133 2512 246 2587 manis,
264 2527 338 2572 cum
350 2509 435 2576 Petri
450 2509 604 2588 primatus
619 2509 660 2569 sit
679 2514 862 2588 perpetuus.

174 2613 268 2672 Facta
289 2607 442 2669 divisione
460 2605 695 2686 provinciarum
718 2608 1016 2682 ecclesiasticarum,
1041 2609 1114 2686 Epi-

131 2719 305 2782 scoporum
317 2701 502 2774 electiones,
515 2705 551 2762 ut
565 2717 614 2762 res
630 2700 832 2762 commodius
844 2700 1056 2780 expediretur,
1073 2701 1112 2762 ab

133 2801 301 2880 Episcopis
324 2798 508 2878 provincie,
526 2799 613 2860 clero
637 2799 828 2878 suffragante
844 2802 875 2860 et
899 2799 1018 2878 populo
1033 2812 1114 2877 prae·

135 2902 226 2974 sente
238 2895 390 2959 celebrari
404 2899 580 2974 coeperunt.
599 2898 674 2958 Haec
692 2895 861 2975 disciplina
868 2894 950 2956 nihil
966 2897 1115 2958 detrahe·

125 2997 193 3058 'bat
207 2995 247 3056 de
258 2995 328 3074 jure
341 2997 377 3057 lt.
399 2995 603 3069 Pontificum,
619 2995 683 3056 sive
707 2995 781 3073 quia
801 2999 914 3074 gradus
930 2991 1114 3072 Metropoli·

134 3093 731 3172 tarumaSedeApostolicaderivatur,
742 3093 805 3154 sive
817 3095 890 3172 quia
900 3095 936 3152 lt.
946 3092 1114 3154 Pontifices

136 3191 321 3252 condebant
335 3191 420 3269 leges
435 3189 549 3268 quihus
565 3189 737 3252 electiones
757 3190 985 3269 dirigebantur,
1001 3193 1033 3250 et
1044 3189 1114 3252 lites

138 3290 180 3350 de
194 3288 309 3350 iisdem
325 3293 410 3350 ortas
421 3287 618 3366 judicabant.
635 3287 772 3348 Proinde
789 3287 959 3366 multiplici
974 3289 1071 3350 modo
1084 3293 1115 3350 et
1142 3326 1146 3334 ·

137 3385 356 3448 indesinenter
368 3386 557 3449 exercebant
572 3403 607 3448 66
618 3385 652 3446 in
667 3403 701 3447 re
725 3403 817 3448 suum
831 3387 1013 3466 primatum.
1109 3432 1117 3448 .

8 3499 9 3510 ¹
114 3515 118 3524 ·
181 3485 219 3546 ll.
234 3486 267 3548 Si
281 3493 426 3566 quapars
440 3485 479 3547 ab
498 3485 635 3565 antiquis
652 3487 864 3549 monumentis
889 3489 1007 3566 populo
1018 3485 1116 3550 tribui

127 3581 285 3646 ¹videatur
313 3583 347 3644 in
370 3582 579 3647 electionibus
605 3583 854 3664 episcopalibus,
880 3584 912 3645 id
930 3583 974 3647 ita
995 3583 1116 3648 intelli·
