2630 4250
485 191 559 238 bats
580 189 742 239 sanemus,
1048 193 1099 244 ¹61

150 387 283 456 ἱοιιιετιιι
298 391 333 442 2ι.
346 413 376 426 -·
388 387 426 440 De
441 403 552 441 umatus
566 401 715 441 otulssonus
729 403 759 441 aa
773 403 990 444 ssssruonnmsos
1005 391 1050 458 (lt.

65 569 67 572 ·
162 548 253 611 Sicut
274 548 433 628 Episcopo
457 549 588 629 proprio
606 551 762 630 competit
776 552 909 616 facultas
932 556 1101 619 ordinandi

119 646 276 722 subditos,
293 647 336 708 ita
349 647 455 709 eidem
474 647 504 709 vi
515 648 748 728 jurisdictionis
767 653 921 730 competit
932 653 983 732 jus
1005 655 1101 717 dandi

119 745 236 807 litteras
265 743 465 822 dimissorias,
498 764 555 808 seu
588 747 751 810 licentiam
784 751 903 830 scripto
942 757 1101 815 exaratam

118 843 259 906 adeundi
273 844 414 906 alienum
430 844 625 924 Episcopum
642 863 701 924 pro
713 847 904 926 recipiendis
916 849 1095 915 ordinibus.

160 945 191 1007 l.
208 943 328 1006 Earum
341 945 457 1028 species.
473 977 514 990 -
524 944 603 1006 Aliae
616 950 690 1006 sunt
702 946 850 1026 speciales,
862 947 932 1010 alia
942 947 1100 1029 peomales.

120 1041 153 1102 Si
165 1043 347 1121 specialiter
366 1041 553 1104 dimissorias
567 1045 795 1119 concedantur,
815 1045 954 1106 ordinari
967 1044 1102 1110 clericus

118 1145 246 1202 matum
258 1144 364 1220 potest
374 1139 415 1202 ab
428 1141 485 1202 illo
497 1141 656 1220 Episcopo
669 1141 814 1221 adquam
826 1143 1050 1206 suntdirectar.
1068 1141 1101 1204 Si

119 1237 312 1315 generaliter
332 1239 558 1314 concedantur,
585 1239 725 1302 ordinari
744 1244 850 1319 potest
868 1255 1102 1320 aquocumquc

119 1335 281 1414 Episcopo
296 1335 555 1398 communionem
569 1337 762 1416 Apostolicae
774 1339 864 1400 Sedis
881 1339 1031 1402 habente.

160 1433 209 1496 Ab
223 1433 299 1513 ipsis
319 1434 518 1509 dimissoriis,
543 1451 600 1513 per
623 1453 700 1513 quas
715 1437 885 1510 ordinandi
903 1437 942 1498 ad
962 1436 1102 1498 alienum

120 1531 316 1610 Episcopum
331 1531 536 1595 dimittuntur
555 1549 613 1610 pro
631 1535 834 1612 susceptione
854 1535 1015 1610 ordinum,
1036 1534 1103 1596 dis-

120 1630 303 1708 tinguendae
318 1635 391 1693 sunt
404 1635 467 1692 tres
482 1630 659 1692 litterarum
672 1633 805 1710 species,
822 1631 943 1694 scilicet
961 1651 968 1692 :

161 1730 191 1788 l.
217 1727 341 1790 Littera
358 1727 562 1789 demissoriales
578 1735 739 1810 perpetum,
763 1731 856 1806 vulgo
869 1729 965 1792 dicte
986 1727 1099 1803 Esset,

120 1843 193 1906 quae
208 1825 324 1888 dantur
343 1827 468 1888 clericis
488 1827 618 1889 alterius
636 1828 781 1890 diocesis
795 1828 889 1890 ¹clero
910 1826 1099 1894 inserendis.
1173 1887 1175 1890 ,

120 1926 240 1995 Harum
253 1924 373 2003 petitor
385 1924 522 2004 probare
538 1925 643 2001 debet,
662 1926 759 1988 alium
774 1926 969 2005 Episcopum
981 1924 1103 2004 promi-

120 2021 199 2083 sisse
215 2021 283 2083 fore
295 2027 332 2084 ut
351 2022 457 2101 ipsum
469 2023 501 2084 in
516 2025 638 2085 clerum
656 2023 742 2090 illius
767 2023 913 2090 dioecesis
927 2022 1099 2086 adscribat.

159 2123 190 2180 2.
217 2119 345 2182 Littera
361 2117 639 2201 “commendatitiae
660 2139 724 2202 sen
738 2121 956 2201 testimoniam,
986 2119 1102 2201 quibus

119 2217 297 2298 Episcopus
309 2218 358 2280 vel
373 2218 413 2278 de
426 2218 586 2297 probitate
598 2219 706 2280 clerici
721 2237 854 2298 peregre
871 2221 1027 2296 abeuntis,
1052 2220 1101 2282 sel

119 2316 161 2376 de
178 2315 240 2376 fida
252 2319 284 2376 et
298 2315 442 2377 moribus
458 2317 567 2378 clerici
580 2315 622 2376 ab
634 2316 739 2378 alieno
757 2317 916 2397 Episcopo
931 2307 1101 2380 ordinandi

118 2415 1099 2496 testatur.'l¹estimonialcsdimissoriissemperadjungisolent.

160 2515 189 2574 3.
207 2513 335 2575 Litterae
354 2513 492 2594 sarmatae
513 2513 628 2594 quibus
643 2513 740 2576 hodic
760 2514 797 2575 fit
813 2513 940 2592 publica
962 2515 1041 2578 fides
1061 2514 1101 2576 do

120 2611 288 2673 ordinibus
302 2611 434 2692 cuidam
445 2611 579 2674 collatis.

158 2710 197 2772 ll.
218 2709 352 2772 Litteras
366 2709 560 2772 dimissorias
575 2711 752 2774 concedere
766 2712 899 2789 possunt
917 2725 925 2772 ε

161 2807 189 2867 l.
216 2804 365 2868 Romanus
384 2805 549 2887 Potentem·
562 2825 637 2870 cum
661 2807 702 2870 sit
725 2808 899 2892 Episcopus
921 2805 1101 2868 ordinarius

120 2904 266 2966 omnium
279 2905 433 2986 fidelium,
450 2906 613 2972 licentiam
625 2907 802 2968 concedere
815 2909 932 2986 potest,
951 2909 986 2968 ut
1003 2905 1102 2986 quisa

121 3020 328 3082 quocumque
343 3004 502 3084 Episcopo
520 3005 696 3068 ordinetur.

158 3105 188 3162 2.
214 3100 378 3183 Epe‘scopus
388 3101 533 3183 proprias
550 3119 606 3163 seu
627 3107 813 3184 competens
827 3103 951 3166 ratione
969 3102 1102 3191 alicujus

120 3217 159 3261 ex
173 3200 276 3262 causis
291 3217 386 3279 supra
398 3199 578 3261 declaratis.

160 3301 189 3362 3.
213 3296 346 3362 Vicam'us
357 3298 502 3378 pecoralis
513 3296 709 3358 dimissorias
722 3301 899 3365 concedere
911 3299 1032 3380 nequit,
1042 3301 1104 3367 nisi

153 3465 183 3526 tlt
194 3464 319 3524 Masathat,
332 3453 503 3512 institutiones
511 3461 587 3526 juris
607 3464 729 3527 canonici,
748 3465 793 3518 lib.
817 3439 838 3526 Ῐ,
854 3467 893 3517 tit.
917 3480 952 3520 ιιι.
964 3493 994 3503 -
1011 3466 1103 3531 segite,

119 3543 297 3594 destitutiones
304 3542 376 3612 juris
386 3545 493 3612 privati,
510 3543 554 3594 lib.
569 3543 591 3607 l,
606 3557 661 3614 cap.
679 3558 713 3597 vr.
