2626 4258
229 335 282 382 158
391 333 550 381 ΕΧΡΟΒῙΤΙΟ
569 331 747 380 unrflonlcs
767 333 850 380 touls
872 333 1028 380 canorum.

224 453 418 535 judicantur.
436 452 565 515 Caeteris
588 468 645 531 per
659 450 904 529 appellationem
925 451 1102 532 legitimam
1123 452 1207 514 intra

229 555 340 615 decem
353 551 420 620 dies
434 550 599 620 devolutis,
615 564 781 627 processus
794 548 834 610 ab
848 550 1008 630 Episcopo
1027 551 1156 625 missus,
1174 555 1208 612 et
1297 607 1298 620 ,

113 699 114 702 ,
141 708 145 716 ,
226 647 374 710 aludiee
398 649 532 709 relatore
554 645 766 719 abbreviatus,
793 648 1049 710 communicatur
1070 665 1127 710 reo
1157 648 1209 708 vel
1297 663 1298 720 ζ

228 745 295 824 ejus
310 743 519 824 procuratori.
532 745 640 804 Testes
655 747 741 804 extra
756 743 894 808 tribunal
903 745 1089 807 audiuntur.
1105 745 1211 824 Si-ap·
1297 775 1298 788 2

228 844 407 923 pellatiouis
431 847 518 904 aetus
550 841 748 920 negligenter
776 844 1018 921 protrahantur,
1048 844 1211 906 sententia
1297 841 1298 916 ξ

229 940 417 1022 episcopalis
427 939 608 1002 executioni
621 938 801 1002 mandatur.

322 1137 436 1198 Qnssrro
452 1139 486 1187 2¹.
500 1162 530 1172 —
545 1136 583 1186 ns
597 1135 842 1187 Counnnstmouruns
854 1137 965 1188 Ronanus
978 1151 1005 1188 ru
1020 1151 1113 1190 senens.

269 1294 347 1357 ursae
358 1272 537 1372 'respiciunt
551 1293 659 1367 ruem,
677 1292 748 1355 aus
763 1310 837 1356 vero
852 1293 1065 1372 disciplinam.

440 1491 464 1540 1.
478 1516 508 1526 —
519 1489 727 1554 Congrrgationss
736 1491 809 1540 fldem
823 1490 994 1552 respicientes.

166 1630 167 1633 Ἴ
269 1655 293 1707 l.
308 1648 497 1722 congregotio
513 1645 545 1704 S.
563 1646 658 1716 Officii.

267 1746 291 1794 a.
309 1738 496 1812 Congregatio
512 1737 611 1792 Indicis
623 1737 759 1791 librorum.

266 1832 293 1884 3.
308 1827 496 1898 Congregatio
510 1825 694 1898 Hopuannlc
706 1823 789 1879 Fidei.

516 2017 540 2064 l.
557 2011 719 2074 congregatio
732 2012 759 2062 S.
781 2010 864 2062 officit
875 2009 920 2075 (1).

267 2149 294 2230 l.
312 2168 386 2248 Ejus
403 2167 559 2230 institutio.
572 2200 613 2212 —
627 2169 697 2246 lpsa
716 2166 926 2246 congregatio
940 2165 1046 2230 dillert
1061 2185 1079 2229 a
1094 2167 1215 2230 Sancto

232 2267 344 2329 Olficio
363 2283 417 2326 seu
432 2263 650 2345 inquisitione.
953 2249 957 2260 ’
1031 2334 1037 2348 .

273 2368 300 2426 l.
326 2365 478 2426 Sanctum
493 2351 642 2426 Oltlcium
666 2365 714 2424 est
733 2361 892 2425 institutio
909 2362 1067 2443 judicum,
1091 2380 1109 2424 a
1131 2363 1214 2426 Sede

233 2463 417 2542 Apostolica
432 2463 657 2540 deputatorum
673 2465 708 2522 ut
721 2467 832 2522 contra
845 2479 916 2523 reos
931 2461 1091 2522 haeretioae
1109 2462 1216 2540 pravi-

232 2559 306 2621 tatis
322 2558 506 2638 procedant.
524 2557 670 2630 Quamvis
685 2557 862 2638 Episcopus
877 2559 918 2618 sit
934 2558 1104 2636 inquisitor
1120 2564 1216 2628 natus

233 2656 262 2716 vi
282 2655 513 2736 jurisdictionis
538 2655 719 2727 ordinariae,
737 2656 854 2716 saeeulo
868 2671 925 2716 xun
944 2661 1053 2721 eontra
1065 2655 1216 2716 haeresim

234 2753 451 2833 albigensium
469 2751 606 2814 instituti
622 2759 695 2814 sunt
710 2753 862 2831 speciales
880 2753 1075 2834 inquisitores.

274 2854 303 2911 2.
314 2851 446 2912 saeclo
458 2865 522 2920 xvi,
538 2866 611 2910 cum
629 2849 759 2910 haeresis
776 2851 953 2911 Lutherana
973 2855 1215 2930 propagaretur,

234 2950 349 3010 Paulus
365 2950 406 3010 lll
424 2947 522 3008 erexit
537 2948 659 3019 Romae,
678 2948 764 3008 velut
782 2947 920 3009 tribunal
939 2965 1126 3027 supremum
1146 2949 1220 3010 uni-

234 3047 363 3109 versalis
381 3043 607 3125 inquisitionis,
626 3043 909 3122 Congregationem
931 3047 962 3107 S.
984 3046 1087 3107 Ol'lroii
1106 3063 1124 3106 a
1143 3063 1220 3107 suc-

235 3145 414 3208 cessoribus
429 3141 660 3213 confirmatam,
677 3147 713 3202 ut
727 3142 805 3202 tides
824 3147 1000 3204 servaretur
1018 3144 1065 3204 vel
1082 3143 1220 3204 damna-

235 3243 323 3304 tione
334 3240 460 3314 erroris‚
471 3237 557 3316 quod
570 3238 755 3316 plerumque
766 3241 812 3312 tlt,
824 3239 872 3299 vel
883 3237 1080 3318 poenitentia,
1094 3240 1222 3302 scilieet

236 3340 338 3420 paenis
354 3337 537 3411 moderatis,
558 3336 752 3417 mitigandis,
770 3335 1032 3399 convenientibus
1052 3337 1173 3401 delicto
1189 3345 1223 3401 et

238 3437 396 3500 societati.

272 3605 304 3667 (ll
317 3603 405 3662 Bonis,
419 3601 451 3650 de
466 3604 545 3654 Curia
566 3617 680 3652 romano.
697 3630 728 3641 -
745 3605 871 3667 Stremler,
890 3607 938 3656 Des
960 3605 1050 3656 Petnes
1066 3605 1223 3656 eeclesiasti-

239 3699 307 3750 ques,
318 3685 351 3736 de
362 3682 463 3746 t'lppet
470 3691 494 3733 rt
506 3683 549 3734 des
560 3684 759 3749 congregatione
770 3689 909 3740 romatnes.
