2604 4270
425 225 500 270 PARS
520 223 702 271 cuneatum.
1030 223 1061 276 83

63 363 65 369 ·
84 341 253 417 revelatam,
274 349 364 424 utque
377 341 484 405 ideireo
497 342 534 403 ab
552 341 683 403 mnnibrn
707 341 841 425 fidelibus
851 345 981 427 fimiter
997 366 1060 410 rre-

87 441 221 502 alendum

123 540 231 602 Altero
248 539 370 620 regula:
385 541 527 601 canones
555 545 628 601 sunt
648 541 820 621 dogmatici
834 544 989 624 negative,
1006 544 1062 606 uhi

88 655 175 700 error
199 635 350 718 t'nnquam
377 639 451 699 fidei
471 638 635 700 catholicae
652 640 777 718 negatio
791 641 967 704 damnatur.
986 643 1062 715 Ouae

89 737 251 798 damnatio
264 755 319 798 seu
333 739 380 798 lex
392 736 536 815 negative
548 737 728 814 dogmatica
739 738 821 799 lierit
833 744 939 818 potest
948 741 1064 818 triplici

88 835 206 896 modo:
223 838 255 916 1⁰
277 835 310 896 Si
330 835 525 896 contrarium
545 839 718 896 asserentes
733 853 790 914 pro
806 836 964 898 haereticis
974 837 1065 916 judi-

89 939 209 994 cantur.
236 934 312 994 Haec
333 938 408 994 nota
429 937 476 994 est
500 933 672 994 admodum
691 935 870 1012 perspicua.
886 969 926 980 -
939 937 970 995 2⁰
984 937 1064 996 Cum

89 1033 224 1094 concilia
245 1031 279 1090 in
300 1031 382 1092 hano
395 1031 530 1091 sormam
556 1033 682 1092 decreta
698 1033 931 1110 praescribunt:
948 1031 986 1092 Sl
1001 1033 1078 1113 quie

88 1129 195 1191 dicerit
196 1174 258 1190 .....
274 1128 499 1191 Anatleemoslt.
519 1163 557 1173 -
569 1131 601 1190 3⁰
617 1128 647 1190 Si
658 1129 691 1190 in
702 1146 756 1190 eos
769 1131 823 1209 qui
839 1131 1065 1194 contradicunt

49 1295 53 1304 ,
89 1228 427 1291 excommunicationis
445 1227 599 1289 sententia
613 1229 723 1290 fertur.
855 1239 866 1268 1

127 1327 189 1387 Iste
210 1326 370 1386 secundus
393 1330 425 1386 et
444 1325 556 1386 tertius
575 1327 688 1387 modus
708 1326 750 1387 ita
769 1325 904 1405 intelligi
920 1326 1064 1388 debent:

92 1426 232 1486 Ganones
264 1423 298 1483 in
325 1423 439 1502 quibus
466 1425 514 1484 vel
530 1425 696 1485 anathema
708 1424 757 1485 vel
774 1424 1065 1488 excommunicatio

92 1521 123 1582 in
144 1521 367 1584 dissentientes
387 1521 579 1598 decernitur,
603 1522 774 1600 dogmatici
785 1530 870 1598 sunt,
886 1525 1065 1588 dummodo

91 1618 123 1679 in
141 1620 185 1681 eis
195 1621 236 1681 de
249 1619 344 1680 rebus
357 1620 430 1681 fidei
445 1624 573 1698 agatur;
592 1621 851 1706 quando-quidem
860 1621 894 1681 in
905 1622 1068 1684 veteribus

93 1717 244 1793 conciliis,
261 1717 358 1778 etiam
371 1735 507 1780 canones
520 1717 573 1796 qui
584 1719 623 1778 ad
638 1719 735 1779 fidem
748 1736 814 1781 non
826 1721 997 1798 pertinent,
1016 1739 1069 1784 aa·

93 1816 1067 1896 demexoommunicationispoenavclanathematesanaiuntur.

294 2003 405 2064 ansrro
419 2006 456 2056 2¹.
466 1997 504 2040 ’-
517 2005 554 2055 Du
571 2015 706 2054 canonieus
720 2017 808 2054 nonum
824 2005 866 2067 tl).

129 2153 203 2214 Tria
215 2159 289 2217 sunt
299 2157 510 2218 enucleanda:
528 2159 596 2233 lum,
609 2174 650 2218 an
662 2157 819 2236 ejusmodi
830 2175 965 2221 canones
976 2161 1070 2222 dille-

92 2258 161 2314 rant
171 2271 189 2313 a
199 2254 322 2333 legibus
338 2255 611 2334 disciplinaribus3
626 2261 694 2333 2⁰¹⁰,
708 2274 748 2317 an
761 2275 871 2318 omnes
882 2259 920 2319 ad
931 2276 1067 2324 canones

93 2353 504 2432 dogmaticosreducantur;
527 2357 595 2431 3⁰⁰¹,
607 2355 706 2434 qualis
715 2356 873 2418 siteorum
883 2359 1065 2422 auctoritas.

130 2453 155 2512 Ι.
181 2451 337 2530 Equidem
358 2469 495 2513 canones
514 2470 639 2514 morum
659 2471 732 2515 cum
753 2455 875 2532 legibus
897 2454 1067 2536 disciplina-

29 2547 30 2586 3
93 2548 175 2608 ribus
189 2549 221 2610 in
238 2567 276 2611 eo
289 2551 490 2622 conveniunt,
506 2553 591 2630 quod
604 2551 666 2612 sint
679 2552 792 2630 agendi
807 2553 934 2631 regulae.
949 2555 1068 2615 Verum

29 2685 30 2738 p
96 2648 243 2726 dogmata
258 2648 481 2726 moralia-quac
496 2667 561 2710 non
572 2655 643 2710 sunt
656 2649 717 2709 nisi
728 2649 875 2710 veritates
890 2651 930 2711 de
943 2667 1069 2711 morum

29 2763 30 2818 ἢ
94 2745 272 2824 principiis,
298 2745 557 2809 discriminantur
584 2767 602 2809 a
624 2747 755 2810 notione
783 2747 971 2827 disciplinae.
991 2751 1070 2812 Nam

29 2859 30 2910 ς
96 2843 265 2922 disciplina
290 2847 339 2904 est
359 2845 469 2923 populi
495 2846 663 2908 Christiani
688 2845 804 2925 praxis,
821 2863 914 2924 quam
930 2846 1072 2908 Ecclesia

30 2973 31 2976 ¹
96 2941 274 3020 praescribit
294 2942 334 3002 ad
357 2943 541 3005 societatem
563 2944 745 3024 religiosam
765 2945 901 3006 exterius
922 2945 1073 3005 ordinan-

100 3041 172 3100 dam
183 3040 216 3100 in
235 3039 348 3115 terris;
366 3041 481 3120 dogma
495 3047 601 3104 autem
615 3043 735 3104 morale
752 3047 894 3103 versatur
909 3043 994 3104 circa
1006 3043 1072 3104 sin-

100 3139 240 3215 gulorum
259 3137 403 3200 actiones
419 3139 584 3202 virtutibus
598 3141 779 3220 dirigendas
794 3142 833 3200 ad
848 3142 944 3201 linem
959 3159 1072 3220 super-

100 3237 271 3297 naturalem
285 3237 450 3314 ultimum;
463 3239 1072 3316 minimeverorespicitfinemsocialem

102 3353 153 3396 seu
168 3335 315 3396 ordinem
328 3333 491 3412 publicum
508 3338 659 3399 Ecclesia
675 3335 850 3398 militantis

136 3432 236 3510 Igitur
250 3448 390 3493 canones
405 3450 531 3495 morum
546 3452 565 3495 a
579 3435 701 3514 legibus
713 3433 888 3512 disciplinae
903 3451 1073 3498 secernun-

131 3579 160 3638 tt)
174 3576 265 3639 Soglio,
275 3575 447 3626 lnslt'tutiones
456 3577 529 3642 juras
537 3578 636 3645 publici
646 3578 814 3642 ecclesiastici,
826 3593 884 3642 pars
897 3579 917 3640 l,
934 3579 949 3641 ς
965 3582 1005 3630 lt.
