<?xml version="1.0" encoding="UTF-8"?>
<!DOCTYPE html PUBLIC "-//W3C//DTD XHTML 1.0 Transitional//EN"
    "http://www.w3.org/TR/xhtml1/DTD/xhtml1-transitional.dtd">
<html xmlns="http://www.w3.org/1999/xhtml" xml:lang="en" lang="en">
 <head>
  <title>
</title>
<meta http-equiv="Content-Type" content="text/html;charset=utf-8" />
  <meta name='ocr-system' content='tesseract 3.04.00' />
  <meta name='ocr-capabilities' content='ocr_page ocr_carea ocr_par ocr_line ocrx_word'/>
</head>
<body>
  <div class='ocr_page' id='page_1' title='image "./expositiomethod00hugugoog_0342.png"; bbox 0 0 2620 4258; ppageno 0'>
   <div class='ocr_carea' id='block_1_1' title="bbox 433 267 1050 320">
    <p class='ocr_par' dir='ltr' id='par_1_1' title="bbox 433 267 1050 320">
     <span class='ocr_line' id='line_1_1' title="bbox 433 267 1050 320; baseline 0.013 -8"><span class='ocrx_word' id='word_1_1' title='bbox 433 269 507 314; x_wconf 81' lang='lat' dir='ltr'>PARS</span> <span class='ocrx_word' id='word_1_2' title='bbox 527 267 692 315; x_wconf 75' lang='lat' dir='ltr'><strong>sanctatis.</strong></span> <span class='ocrx_word' id='word_1_3' title='bbox 999 275 1050 320; x_wconf 70' lang='lat'><strong>8⁰9</strong></span> 
     </span>
    </p>
   </div>
   <div class='ocr_carea' id='block_1_2' title="bbox 79 384 1053 858">
    <p class='ocr_par' dir='ltr' id='par_1_2' title="bbox 79 384 1053 858">
     <span class='ocr_line' id='line_1_2' title="bbox 114 384 1052 466; baseline 0.003 -17"><span class='ocrx_word' id='word_1_4' title='bbox 114 393 146 449; x_wconf 75' lang='lat'><strong>2.</strong></span> <span class='ocrx_word' id='word_1_5' title='bbox 161 386 339 450; x_wconf 81' lang='lat' dir='ltr'>Concilium</span> <span class='ocrx_word' id='word_1_6' title='bbox 353 384 576 447; x_wconf 74' lang='lat' dir='ltr'><strong>&#39;tridentinum</strong></span> <span class='ocrx_word' id='word_1_7' title='bbox 587 386 697 448; x_wconf 80' lang='lat' dir='ltr'><strong>statuit</strong></span> <span class='ocrx_word' id='word_1_8' title='bbox 710 387 752 466; x_wconf 86' lang='lat' dir='ltr'><strong>(l)</strong></span> <span class='ocrx_word' id='word_1_9' title='bbox 769 406 775 448; x_wconf 94' lang='lat'><strong>:</strong></span> <span class='ocrx_word' id='word_1_10' title='bbox 798 390 981 452; x_wconf 75' lang='lat' dir='ltr'><strong>«Beneficia</strong></span> <span class='ocrx_word' id='word_1_11' title='bbox 996 407 1052 452; x_wconf 90' lang='lat' dir='ltr'><strong>cu-</strong></span> 
     </span>
     <span class='ocr_line' id='line_1_3' title="bbox 79 485 1053 565; baseline 0.002 -19"><span class='ocrx_word' id='word_1_12' title='bbox 79 492 144 548; x_wconf 87' lang='lat' dir='ltr'><strong>rata</strong></span> <span class='ocrx_word' id='word_1_13' title='bbox 158 503 228 565; x_wconf 76' lang='lat' dir='ltr'><strong>quaa</strong></span> <span class='ocrx_word' id='word_1_14' title='bbox 249 485 483 548; x_wconf 81' lang='lat' dir='ltr'><strong>cathedralibus</strong></span> <span class='ocrx_word' id='word_1_15' title='bbox 500 485 547 545; x_wconf 88' lang='lat' dir='ltr'><strong>vel</strong></span> <span class='ocrx_word' id='word_1_16' title='bbox 566 485 766 547; x_wconf 89' lang='lat' dir='ltr'><strong>monasteriis</strong></span> <span class='ocrx_word' id='word_1_17' title='bbox 780 487 868 548; x_wconf 89' lang='lat' dir='ltr'><strong>unita</strong></span> <span class='ocrx_word' id='word_1_18' title='bbox 887 487 1053 565; x_wconf 88' lang='lat' dir='ltr'><strong>reperiun-</strong></span> 
     </span>
     <span class='ocr_line' id='line_1_4' title="bbox 79 581 1053 666; baseline 0 -20"><span class='ocrx_word' id='word_1_19' title='bbox 79 591 140 659; x_wconf 87' lang='lat' dir='ltr'><strong>tur,</strong></span> <span class='ocrx_word' id='word_1_20' title='bbox 153 583 192 644; x_wconf 91' lang='lat' dir='ltr'><strong>ab</strong></span> <span class='ocrx_word' id='word_1_21' title='bbox 201 582 375 646; x_wconf 88' lang='lat' dir='ltr'><strong>Ordinariis</strong></span> <span class='ocrx_word' id='word_1_22' title='bbox 390 581 563 656; x_wconf 86' lang='lat' dir='ltr'><strong>visitentur,</strong></span> <span class='ocrx_word' id='word_1_23' title='bbox 582 583 637 661; x_wconf 90' lang='lat' dir='ltr'><strong>qui</strong></span> <span class='ocrx_word' id='word_1_24' title='bbox 650 581 786 646; x_wconf 86' lang='lat' dir='ltr'><strong>sollicite</strong></span> <span class='ocrx_word' id='word_1_25' title='bbox 800 585 966 663; x_wconf 88' lang='lat' dir='ltr'><strong>providere</strong></span> <span class='ocrx_word' id='word_1_26' title='bbox 976 603 1053 666; x_wconf 94' lang='lat' dir='ltr'><strong>pro-</strong></span> 
     </span>
     <span class='ocr_line' id='line_1_5' title="bbox 79 679 1052 760; baseline 0 -18"><span class='ocrx_word' id='word_1_27' title='bbox 79 686 200 757; x_wconf 82' lang='lat' dir='ltr'><strong>curent,</strong></span> <span class='ocrx_word' id='word_1_28' title='bbox 223 685 258 742; x_wconf 93' lang='lat' dir='ltr'><strong>ut</strong></span> <span class='ocrx_word' id='word_1_29' title='bbox 278 680 481 760; x_wconf 85' lang='lat' dir='ltr'><strong>peridoneus</strong></span> <span class='ocrx_word' id='word_1_30' title='bbox 498 679 643 754; x_wconf 90' lang='lat' dir='ltr'><strong>vicarios,</strong></span> <span class='ocrx_word' id='word_1_31' title='bbox 666 681 763 742; x_wconf 88' lang='lat' dir='ltr'><strong>etiam</strong></span> <span class='ocrx_word' id='word_1_32' title='bbox 787 689 969 760; x_wconf 59' lang='lat' dir='ltr'><strong>perpetuos</strong></span> <span class='ocrx_word' id='word_1_33' title='bbox 992 683 1052 743; x_wconf 91' lang='lat' dir='ltr'><strong>nisi</strong></span> 
     </span>
     <span class='ocr_line' id='line_1_6' title="bbox 80 776 1052 858; baseline 0.002 -20"><span class='ocrx_word' id='word_1_34' title='bbox 80 778 155 857; x_wconf 89' lang='lat' dir='ltr'><strong>ipsis</strong></span> <span class='ocrx_word' id='word_1_35' title='bbox 174 778 347 840; x_wconf 90' lang='lat' dir='ltr'><strong>Ordinariis</strong></span> <span class='ocrx_word' id='word_1_36' title='bbox 366 794 423 855; x_wconf 92' lang='lat' dir='ltr'><strong>pro</strong></span> <span class='ocrx_word' id='word_1_37' title='bbox 447 776 533 838; x_wconf 92' lang='lat' dir='ltr'><strong>bono</strong></span> <span class='ocrx_word' id='word_1_38' title='bbox 554 777 767 838; x_wconf 89' lang='lat' dir='ltr'><strong>Eoolesiarum</strong></span> <span class='ocrx_word' id='word_1_39' title='bbox 788 779 943 858; x_wconf 86' lang='lat' dir='ltr'><strong>regimine</strong></span> <span class='ocrx_word' id='word_1_40' title='bbox 961 781 1052 842; x_wconf 89' lang='lat' dir='ltr'><strong>aliter</strong></span> 
     </span>
    </p>
   </div>
   <div class='ocr_carea' id='block_1_3' title="bbox 78 873 1053 1363">
    <p class='ocr_par' dir='ltr' id='par_1_3' title="bbox 78 873 1052 1035">
     <span class='ocr_line' id='line_1_7' title="bbox 78 873 1052 955; baseline 0 -17"><span class='ocrx_word' id='word_1_41' title='bbox 78 875 227 955; x_wconf 84' lang='lat' dir='ltr'><strong>expedire</strong></span> <span class='ocrx_word' id='word_1_42' title='bbox 242 873 409 948; x_wconf 86' lang='lat' dir='ltr'><strong>videbitur,</strong></span> <span class='ocrx_word' id='word_1_43' title='bbox 425 873 546 934; x_wconf 83' lang='lat' dir='ltr'><strong>ibidem</strong></span> <span class='ocrx_word' id='word_1_44' title='bbox 561 875 770 952; x_wconf 89' lang='lat' dir='ltr'><strong>deputandos,</strong></span> <span class='ocrx_word' id='word_1_45' title='bbox 786 877 963 937; x_wconf 90' lang='lat' dir='ltr'><strong>animarum</strong></span> <span class='ocrx_word' id='word_1_46' title='bbox 978 894 1052 938; x_wconf 89' lang='lat' dir='ltr'><strong>eura</strong></span> 
     </span>
     <span class='ocr_line' id='line_1_8' title="bbox 78 972 518 1035; baseline -0.007 -2"><span class='ocrx_word' id='word_1_47' title='bbox 78 972 280 1035; x_wconf 84' lang='lat' dir='ltr'><strong>laudabiliter</strong></span> <span class='ocrx_word' id='word_1_48' title='bbox 293 975 488 1034; x_wconf 84' lang='lat' dir='ltr'><strong>exerceatur.</strong></span> <span class='ocrx_word' id='word_1_49' title='bbox 503 992 518 1030; x_wconf 81' lang='lat' dir='ltr'><strong>u</strong></span> 
     </span>
    </p>

    <p class='ocr_par' dir='ltr' id='par_1_4' title="bbox 79 1069 1053 1363">
     <span class='ocr_line' id='line_1_9' title="bbox 116 1069 1053 1149; baseline 0.001 -18"><span class='ocrx_word' id='word_1_50' title='bbox 116 1072 147 1132; x_wconf 87' lang='grc'><strong>3.</strong></span> <span class='ocrx_word' id='word_1_51' title='bbox 168 1070 282 1131; x_wconf 89' lang='lat' dir='ltr'><strong>Vicarii</strong></span> <span class='ocrx_word' id='word_1_52' title='bbox 302 1069 448 1149; x_wconf 88' lang='lat' dir='ltr'><strong>perpetui</strong></span> <span class='ocrx_word' id='word_1_53' title='bbox 463 1069 502 1130; x_wconf 88' lang='lat' dir='ltr'><strong>ad</strong></span> <span class='ocrx_word' id='word_1_54' title='bbox 517 1069 768 1132; x_wconf 84' lang='lat' dir='ltr'><strong>nominationem</strong></span> <span class='ocrx_word' id='word_1_55' title='bbox 782 1070 911 1133; x_wconf 91' lang='lat' dir='ltr'><strong>illorum</strong></span> <span class='ocrx_word' id='word_1_56' title='bbox 925 1071 958 1130; x_wconf 91' lang='lat' dir='ltr'><strong>in</strong></span> <span class='ocrx_word' id='word_1_57' title='bbox 973 1089 1053 1149; x_wconf 90' lang='lat' dir='ltr'><strong>quo·</strong></span> 
     </span>
     <span class='ocr_line' id='line_1_10' title="bbox 80 1166 1052 1246; baseline 0.001 -19"><span class='ocrx_word' id='word_1_58' title='bbox 80 1184 149 1227; x_wconf 91' lang='lat' dir='ltr'><strong>rum</strong></span> <span class='ocrx_word' id='word_1_59' title='bbox 169 1167 318 1228; x_wconf 90' lang='lat' dir='ltr'><strong>Ecclesiis</strong></span> <span class='ocrx_word' id='word_1_60' title='bbox 338 1166 435 1227; x_wconf 86' lang='lat' dir='ltr'><strong>unitis</strong></span> <span class='ocrx_word' id='word_1_61' title='bbox 453 1171 624 1244; x_wconf 88' lang='lat' dir='ltr'><strong>ponentur,</strong></span> <span class='ocrx_word' id='word_1_62' title='bbox 648 1185 722 1229; x_wconf 90' lang='lat' dir='ltr'><strong>cum</strong></span> <span class='ocrx_word' id='word_1_63' title='bbox 740 1168 981 1230; x_wconf 88' lang='lat' dir='ltr'><strong>Ordinariorum</strong></span> <span class='ocrx_word' id='word_1_64' title='bbox 999 1185 1052 1246; x_wconf 93' lang='lat' dir='ltr'><strong>ap-</strong></span> 
     </span>
     <span class='ocr_line' id='line_1_11' title="bbox 79 1262 540 1363; baseline 0.007 -39"><span class='ocrx_word' id='word_1_65' title='bbox 79 1265 266 1363; x_wconf 68' lang='lat' dir='ltr'><strong>probatione</strong></span> <span class='ocrx_word' id='word_1_66' title='bbox 279 1265 473 1342; x_wconf 87' lang='lat' dir='ltr'><strong>deputentur</strong></span> <span class='ocrx_word' id='word_1_67' title='bbox 487 1262 540 1343; x_wconf 73' lang='lat' dir='ltr'><strong>(E).</strong></span> 
     </span>
    </p>
   </div>
   <div class='ocr_carea' id='block_1_4' title="bbox 366 1467 764 1530">
    <p class='ocr_par' dir='ltr' id='par_1_5' title="bbox 366 1467 764 1530">
     <span class='ocr_line' id='line_1_12' title="bbox 366 1467 764 1530; baseline 0.005 -12"><span class='ocrx_word' id='word_1_68' title='bbox 366 1473 389 1518; x_wconf 80' lang='lat'><strong>2.</strong></span> <span class='ocrx_word' id='word_1_69' title='bbox 403 1469 440 1518; x_wconf 87' lang='lat' dir='ltr'><strong>De</strong></span> <span class='ocrx_word' id='word_1_70' title='bbox 457 1467 561 1517; x_wconf 83' lang='lat' dir='ltr'><strong>vicariis</strong></span> <span class='ocrx_word' id='word_1_71' title='bbox 575 1471 764 1530; x_wconf 80' lang='lat' dir='ltr'><strong>temporalibus.</strong></span> 
     </span>
    </p>
   </div>
   <div class='ocr_carea' id='block_1_5' title="bbox 77 1626 1060 3164">
    <p class='ocr_par' dir='ltr' id='par_1_6' title="bbox 78 1626 1053 1802">
     <span class='ocr_line' id='line_1_13' title="bbox 112 1626 1053 1705; baseline -0.003 -16"><span class='ocrx_word' id='word_1_72' title='bbox 112 1626 235 1689; x_wconf 89' lang='lat' dir='ltr'><strong>Vicarii</strong></span> <span class='ocrx_word' id='word_1_73' title='bbox 245 1627 438 1704; x_wconf 87' lang='lat' dir='ltr'><strong>temporales</strong></span> <span class='ocrx_word' id='word_1_74' title='bbox 450 1626 497 1686; x_wconf 85' lang='lat' dir='ltr'><strong>vel</strong></span> <span class='ocrx_word' id='word_1_75' title='bbox 508 1626 640 1703; x_wconf 91' lang='lat' dir='ltr'><strong>parochi</strong></span> <span class='ocrx_word' id='word_1_76' title='bbox 649 1627 764 1688; x_wconf 90' lang='lat' dir='ltr'><strong>remoti</strong></span> <span class='ocrx_word' id='word_1_77' title='bbox 776 1626 860 1688; x_wconf 86' lang='lat' dir='ltr'><strong>vices</strong></span> <span class='ocrx_word' id='word_1_78' title='bbox 870 1631 991 1705; x_wconf 81' lang='lat' dir='ltr'><strong>gerunt,</strong></span> <span class='ocrx_word' id='word_1_79' title='bbox 1006 1628 1053 1687; x_wconf 90' lang='lat' dir='ltr'><strong>vel</strong></span> 
     </span>
     <span class='ocr_line' id='line_1_14' title="bbox 78 1723 629 1802; baseline -0.002 -16"><span class='ocrx_word' id='word_1_80' title='bbox 78 1723 255 1802; x_wconf 90' lang='lat' dir='ltr'><strong>parochum</strong></span> <span class='ocrx_word' id='word_1_81' title='bbox 269 1728 458 1802; x_wconf 86' lang='lat' dir='ltr'><strong>praesentem</strong></span> <span class='ocrx_word' id='word_1_82' title='bbox 471 1723 629 1802; x_wconf 88' lang='lat' dir='ltr'><strong>adjuvant.</strong></span> 
     </span>
    </p>

    <p class='ocr_par' dir='ltr' id='par_1_7' title="bbox 79 1820 1057 1980">
     <span class='ocr_line' id='line_1_15' title="bbox 112 1820 1057 1899; baseline -0.006 -14"><span class='ocrx_word' id='word_1_83' title='bbox 112 1825 138 1885; x_wconf 93' lang='lat' dir='ltr'><strong>l.</strong></span> <span class='ocrx_word' id='word_1_84' title='bbox 158 1822 253 1885; x_wconf 83' lang='lat' dir='ltr'><strong>Vioes</strong></span> <span class='ocrx_word' id='word_1_85' title='bbox 268 1822 398 1899; x_wconf 87' lang='lat' dir='ltr'><strong>parochi</strong></span> <span class='ocrx_word' id='word_1_86' title='bbox 419 1820 538 1883; x_wconf 90' lang='lat' dir='ltr'><strong>mortui</strong></span> <span class='ocrx_word' id='word_1_87' title='bbox 554 1823 603 1883; x_wconf 85' lang='lat' dir='ltr'><strong>vel</strong></span> <span class='ocrx_word' id='word_1_88' title='bbox 625 1821 763 1884; x_wconf 88' lang='lat' dir='ltr'><strong>absentis</strong></span> <span class='ocrx_word' id='word_1_89' title='bbox 782 1827 896 1899; x_wconf 83' lang='lat' dir='ltr'><strong>gerunt</strong></span> <span class='ocrx_word' id='word_1_90' title='bbox 912 1820 1057 1880; x_wconf 74' lang='lat' dir='ltr'><strong>Adminis-</strong></span> 
     </span>
     <span class='ocr_line' id='line_1_16' title="bbox 79 1915 919 1980; baseline -0.001 -2"><span class='ocrx_word' id='word_1_91' title='bbox 79 1927 178 1980; x_wconf 56' lang='grc' dir='ltr'><strong>(ναίον</strong></span> <span class='ocrx_word' id='word_1_92' title='bbox 192 1922 224 1980; x_wconf 86' lang='lat' dir='ltr'><strong>et</strong></span> <span class='ocrx_word' id='word_1_93' title='bbox 240 1915 435 1978; x_wconf 80' lang='lat' dir='ltr'><strong>Substitulus.</strong></span> <span class='ocrx_word' id='word_1_94' title='bbox 915 1933 919 1940; x_wconf 84' lang='grc'><strong>’</strong></span> 
     </span>
    </p>

    <p class='ocr_par' dir='ltr' id='par_1_8' title="bbox 79 2013 1055 2290">
     <span class='ocr_line' id='line_1_17' title="bbox 116 2013 1055 2094; baseline -0.003 -17"><span class='ocrx_word' id='word_1_95' title='bbox 116 2019 147 2077; x_wconf 89' lang='lat' dir='ltr'><strong>l.</strong></span> <span class='ocrx_word' id='word_1_96' title='bbox 164 2013 398 2076; x_wconf 73' lang='lat' dir='ltr'><strong>administrator</strong></span> <span class='ocrx_word' id='word_1_97' title='bbox 417 2014 456 2075; x_wconf 88' lang='lat' dir='ltr'><strong>ah</strong></span> <span class='ocrx_word' id='word_1_98' title='bbox 471 2015 631 2094; x_wconf 79' lang='lat' dir='ltr'><strong>Episcopo</strong></span> <span class='ocrx_word' id='word_1_99' title='bbox 650 2016 819 2094; x_wconf 88' lang='lat' dir='ltr'><strong>deputatur</strong></span> <span class='ocrx_word' id='word_1_100' title='bbox 832 2017 871 2076; x_wconf 93' lang='lat' dir='ltr'><strong>ad</strong></span> <span class='ocrx_word' id='word_1_101' title='bbox 892 2021 1055 2078; x_wconf 89' lang='lat' dir='ltr'><strong>vacantem</strong></span> 
     </span>
     <span class='ocr_line' id='line_1_18' title="bbox 79 2113 1055 2192; baseline 0 -16"><span class='ocrx_word' id='word_1_102' title='bbox 79 2113 261 2192; x_wconf 88' lang='lat' dir='ltr'><strong>parochiam</strong></span> <span class='ocrx_word' id='word_1_103' title='bbox 287 2114 470 2192; x_wconf 79' lang='lat' dir='ltr'><strong>regendam,</strong></span> <span class='ocrx_word' id='word_1_104' title='bbox 500 2114 603 2177; x_wconf 88' lang='lat' dir='ltr'><strong>donec</strong></span> <span class='ocrx_word' id='word_1_105' title='bbox 630 2133 728 2178; x_wconf 87' lang='lat' dir='ltr'><strong>novus</strong></span> <span class='ocrx_word' id='word_1_106' title='bbox 753 2122 859 2178; x_wconf 89' lang='lat' dir='ltr'><strong>rector</strong></span> <span class='ocrx_word' id='word_1_107' title='bbox 883 2117 1055 2178; x_wconf 89' lang='lat' dir='ltr'><strong>constitua-</strong></span> 
     </span>
     <span class='ocr_line' id='line_1_19' title="bbox 79 2211 202 2290; baseline -0.033 -15"><span class='ocrx_word' id='word_1_108' title='bbox 79 2220 130 2275; x_wconf 89' lang='lat' dir='ltr'><strong>tur</strong></span> <span class='ocrx_word' id='word_1_109' title='bbox 150 2211 202 2290; x_wconf 86' lang='grc'>(3).</span> 
     </span>
    </p>

    <p class='ocr_par' dir='ltr' id='par_1_9' title="bbox 116 2307 1056 2386">
     <span class='ocr_line' id='line_1_20' title="bbox 116 2307 1056 2386; baseline 0 -15"><span class='ocrx_word' id='word_1_110' title='bbox 116 2313 149 2371; x_wconf 71' lang='lat' dir='ltr'><strong>E.</strong></span> <span class='ocrx_word' id='word_1_111' title='bbox 166 2308 351 2369; x_wconf 75' lang='lat' dir='ltr'><strong>substitutus</strong></span> <span class='ocrx_word' id='word_1_112' title='bbox 369 2307 434 2386; x_wconf 82' lang='lat' dir='ltr'><strong>agit</strong></span> <span class='ocrx_word' id='word_1_113' title='bbox 456 2307 539 2368; x_wconf 90' lang='lat' dir='ltr'><strong>vices</strong></span> <span class='ocrx_word' id='word_1_114' title='bbox 555 2309 686 2384; x_wconf 87' lang='lat' dir='ltr'><strong>parochi</strong></span> <span class='ocrx_word' id='word_1_115' title='bbox 709 2308 858 2369; x_wconf 89' lang='lat' dir='ltr'><strong>absentis.</strong></span> <span class='ocrx_word' id='word_1_116' title='bbox 876 2311 902 2368; x_wconf 88' lang='lat' dir='ltr'>A</span> <span class='ocrx_word' id='word_1_117' title='bbox 917 2311 1056 2386; x_wconf 88' lang='lat' dir='ltr'><strong>parocho</strong></span> 
     </span>
    </p>

    <p class='ocr_par' dir='ltr' id='par_1_10' title="bbox 105 2404 822 2483">
     <span class='ocr_line' id='line_1_21' title="bbox 105 2404 822 2483; baseline -0.006 -14"><span class='ocrx_word' id='word_1_118' title='bbox 105 2407 265 2469; x_wconf 87' lang='lat' dir='ltr'><strong>ominatur</strong></span> <span class='ocrx_word' id='word_1_119' title='bbox 278 2421 352 2466; x_wconf 91' lang='lat' dir='ltr'><strong>cum</strong></span> <span class='ocrx_word' id='word_1_120' title='bbox 364 2404 591 2482; x_wconf 88' lang='lat' dir='ltr'><strong>approbatione</strong></span> <span class='ocrx_word' id='word_1_121' title='bbox 603 2405 753 2482; x_wconf 84' lang='lat' dir='ltr'><strong>Episcopi</strong></span> <span class='ocrx_word' id='word_1_122' title='bbox 769 2407 778 2483; x_wconf 92' lang='lat'>(</span> <span class='ocrx_word' id='word_1_123' title='bbox 799 2407 822 2482; x_wconf 89' lang='lat'><strong>).</strong></span> 
     </span>
    </p>

    <p class='ocr_par' dir='ltr' id='par_1_11' title="bbox 77 2501 1060 2778">
     <span class='ocr_line' id='line_1_22' title="bbox 113 2501 1060 2582; baseline -0.001 -17"><span class='ocrx_word' id='word_1_124' title='bbox 113 2506 154 2566; x_wconf 92' lang='lat' dir='ltr'><strong>ll.</strong></span> <span class='ocrx_word' id='word_1_125' title='bbox 167 2503 345 2565; x_wconf 88' lang='lat' dir='ltr'><strong>Parochum</strong></span> <span class='ocrx_word' id='word_1_126' title='bbox 355 2501 549 2562; x_wconf 88' lang='lat' dir='ltr'><strong>residentem</strong></span> <span class='ocrx_word' id='word_1_127' title='bbox 562 2501 710 2580; x_wconf 86' lang='lat' dir='ltr'><strong>adjuvant</strong></span> <span class='ocrx_word' id='word_1_128' title='bbox 721 2501 902 2582; x_wconf 74' lang='lat' dir='ltr'><strong>coaaly‘atores</strong></span> <span class='ocrx_word' id='word_1_129' title='bbox 912 2507 944 2562; x_wconf 88' lang='lat' dir='ltr'><strong>et</strong></span> <span class='ocrx_word' id='word_1_130' title='bbox 957 2501 1060 2564; x_wconf 79' lang='lat' dir='ltr'><strong>vicarii</strong></span> 
     </span>
     <span class='ocr_line' id='line_1_23' title="bbox 77 2597 1055 2682; baseline 0 -22"><span class='ocrx_word' id='word_1_131' title='bbox 77 2600 196 2682; x_wconf 81' lang='lat' dir='ltr'><strong>proprie</strong></span> <span class='ocrx_word' id='word_1_132' title='bbox 213 2599 294 2675; x_wconf 85' lang='lat' dir='ltr'><strong>dicti,</strong></span> <span class='ocrx_word' id='word_1_133' title='bbox 314 2600 396 2660; x_wconf 89' lang='lat' dir='ltr'><strong>sicut</strong></span> <span class='ocrx_word' id='word_1_134' title='bbox 420 2599 593 2678; x_wconf 75' lang='lat' dir='ltr'><strong>coadjutor</strong></span> <span class='ocrx_word' id='word_1_135' title='bbox 619 2602 650 2658; x_wconf 89' lang='lat' dir='ltr'><strong>et</strong></span> <span class='ocrx_word' id='word_1_136' title='bbox 675 2597 818 2659; x_wconf 77' lang='lat' dir='ltr'><strong>vicarius</strong></span> <span class='ocrx_word' id='word_1_137' title='bbox 843 2599 997 2678; x_wconf 66' lang='lat' dir='ltr'><strong>generalis</strong></span> <span class='ocrx_word' id='word_1_138' title='bbox 1017 2601 1055 2660; x_wconf 93' lang='lat' dir='ltr'><strong>ad</strong></span> 
     </span>
     <span class='ocr_line' id='line_1_24' title="bbox 81 2696 679 2778; baseline -0.002 -19"><span class='ocrx_word' id='word_1_139' title='bbox 81 2699 274 2778; x_wconf 71' lang='lat' dir='ltr'><strong>Episcopum</strong></span> <span class='ocrx_word' id='word_1_140' title='bbox 286 2697 459 2776; x_wconf 89' lang='lat' dir='ltr'><strong>juvandum</strong></span> <span class='ocrx_word' id='word_1_141' title='bbox 475 2696 679 2774; x_wconf 88' lang='lat' dir='ltr'><strong>deputantur.</strong></span> 
     </span>
    </p>

    <p class='ocr_par' dir='ltr' id='par_1_12' title="bbox 80 2792 1058 3164">
     <span class='ocr_line' id='line_1_25' title="bbox 115 2792 1058 2876; baseline -0.004 -19"><span class='ocrx_word' id='word_1_142' title='bbox 115 2800 145 2857; x_wconf 84' lang='lat' dir='ltr'><strong>l.</strong></span> <span class='ocrx_word' id='word_1_143' title='bbox 165 2793 329 2876; x_wconf 82' lang='lat' dir='ltr'><strong>Coudjutor</strong></span> <span class='ocrx_word' id='word_1_144' title='bbox 342 2793 381 2854; x_wconf 90' lang='lat' dir='ltr'><strong>ab</strong></span> <span class='ocrx_word' id='word_1_145' title='bbox 397 2793 556 2872; x_wconf 89' lang='lat' dir='ltr'><strong>Episcopo</strong></span> <span class='ocrx_word' id='word_1_146' title='bbox 577 2793 671 2853; x_wconf 92' lang='lat' dir='ltr'><strong>datur</strong></span> <span class='ocrx_word' id='word_1_147' title='bbox 689 2792 829 2872; x_wconf 89' lang='lat' dir='ltr'><strong>parocho</strong></span> <span class='ocrx_word' id='word_1_148' title='bbox 851 2794 904 2872; x_wconf 89' lang='lat' dir='ltr'><strong>qui</strong></span> <span class='ocrx_word' id='word_1_149' title='bbox 925 2794 1058 2872; x_wconf 91' lang='lat' dir='ltr'><strong>pereuni</strong></span> 
     </span>
     <span class='ocr_line' id='line_1_26' title="bbox 81 2889 1058 2970; baseline -0.003 -17"><span class='ocrx_word' id='word_1_150' title='bbox 81 2893 263 2954; x_wconf 89' lang='lat' dir='ltr'><strong>infirmitate</strong></span> <span class='ocrx_word' id='word_1_151' title='bbox 277 2892 374 2952; x_wconf 88' lang='lat' dir='ltr'><strong>animi</strong></span> <span class='ocrx_word' id='word_1_152' title='bbox 388 2890 438 2952; x_wconf 87' lang='lat' dir='ltr'><strong>vel</strong></span> <span class='ocrx_word' id='word_1_153' title='bbox 450 2889 594 2969; x_wconf 90' lang='lat' dir='ltr'><strong>corporis</strong></span> <span class='ocrx_word' id='word_1_154' title='bbox 609 2890 779 2951; x_wconf 89' lang='lat' dir='ltr'><strong>detinetur.</strong></span> <span class='ocrx_word' id='word_1_155' title='bbox 798 2891 940 2952; x_wconf 81' lang='lat' dir='ltr'><strong>(lenones</strong></span> <span class='ocrx_word' id='word_1_156' title='bbox 953 2891 1058 2970; x_wconf 92' lang='lat' dir='ltr'><strong>prohi-</strong></span> 
     </span>
     <span class='ocr_line' id='line_1_27' title="bbox 80 2987 1057 3064; baseline -0.004 -12"><span class='ocrx_word' id='word_1_157' title='bbox 80 2991 155 3054; x_wconf 88' lang='lat' dir='ltr'><strong>bent</strong></span> <span class='ocrx_word' id='word_1_158' title='bbox 166 3007 208 3051; x_wconf 91' lang='lat' dir='ltr'><strong>ne</strong></span> <span class='ocrx_word' id='word_1_159' title='bbox 223 2987 430 3050; x_wconf 87' lang='lat' dir='ltr'><strong>beneficiatus</strong></span> <span class='ocrx_word' id='word_1_160' title='bbox 444 2987 589 3048; x_wconf 85' lang='lat' dir='ltr'><strong>infirmus</strong></span> <span class='ocrx_word' id='word_1_161' title='bbox 605 2993 819 3064; x_wconf 86' lang='lat' dir='ltr'><strong>removeatur;</strong></span> <span class='ocrx_word' id='word_1_162' title='bbox 835 3005 875 3049; x_wconf 90' lang='lat' dir='ltr'><strong>ne</strong></span> <span class='ocrx_word' id='word_1_163' title='bbox 894 2988 966 3049; x_wconf 83' lang='lat' dir='ltr'><strong>vitae</strong></span> <span class='ocrx_word' id='word_1_164' title='bbox 985 2989 1057 3048; x_wconf 83' lang='lat' dir='ltr'><strong>sub-</strong></span> 
     </span>
     <span class='ocr_line' id='line_1_28' title="bbox 81 3085 1058 3164; baseline -0.002 -17"><span class='ocrx_word' id='word_1_165' title='bbox 81 3089 159 3149; x_wconf 87' lang='lat' dir='ltr'><strong>sidia</strong></span> <span class='ocrx_word' id='word_1_166' title='bbox 174 3087 202 3149; x_wconf 90' lang='lat' dir='ltr'><strong>ei</strong></span> <span class='ocrx_word' id='word_1_167' title='bbox 216 3087 410 3159; x_wconf 68' lang='lat' dir='ltr'><strong>auferentem</strong></span> <span class='ocrx_word' id='word_1_168' title='bbox 424 3102 464 3146; x_wconf 91' lang='lat' dir='ltr'><strong>ne</strong></span> <span class='ocrx_word' id='word_1_169' title='bbox 477 3085 642 3164; x_wconf 86' lang='lat' dir='ltr'><strong>coadjutor</strong></span> <span class='ocrx_word' id='word_1_170' title='bbox 653 3102 726 3146; x_wconf 89' lang='lat' dir='ltr'><strong>cum</strong></span> <span class='ocrx_word' id='word_1_171' title='bbox 741 3087 755 3146; x_wconf 90' lang='lat' dir='ltr'><strong>i</strong></span> <span class='ocrx_word' id='word_1_172' title='bbox 775 3090 845 3147; x_wconf 89' lang='lat' dir='ltr'><strong>tura</strong></span> <span class='ocrx_word' id='word_1_173' title='bbox 858 3085 1058 3148; x_wconf 86' lang='lat' dir='ltr'><strong>successione</strong></span> 
     </span>
    </p>
   </div>
   <div class='ocr_carea' id='block_1_6' title="bbox 82 3182 724 3248">
    <p class='ocr_par' dir='ltr' id='par_1_13' title="bbox 82 3182 724 3248">
     <span class='ocr_line' id='line_1_29' title="bbox 82 3182 724 3248; baseline -0.003 -2"><span class='ocrx_word' id='word_1_174' title='bbox 82 3185 293 3248; x_wconf 88' lang='lat' dir='ltr'><strong>constituatur</strong></span> <span class='ocrx_word' id='word_1_175' title='bbox 303 3183 366 3243; x_wconf 92' lang='lat' dir='ltr'><strong>nisi</strong></span> <span class='ocrx_word' id='word_1_176' title='bbox 381 3200 399 3242; x_wconf 91' lang='lat' dir='ltr'><strong>a</strong></span> <span class='ocrx_word' id='word_1_177' title='bbox 414 3183 546 3244; x_wconf 89' lang='lat' dir='ltr'><strong>Summo</strong></span> <span class='ocrx_word' id='word_1_178' title='bbox 559 3182 724 3244; x_wconf 86' lang='lat' dir='ltr'><strong>Pontifice.</strong></span> 
     </span>
    </p>
   </div>
   <div class='ocr_carea' id='block_1_7' title="bbox 113 3366 634 3508">
    <p class='ocr_par' dir='ltr' id='par_1_14' title="bbox 113 3366 634 3508">
     <span class='ocr_line' id='line_1_30' title="bbox 113 3366 425 3430; baseline -0.022 -11"><span class='ocrx_word' id='word_1_179' title='bbox 113 3367 149 3430; x_wconf 81' lang='lat'><strong>(1)</strong></span> <span class='ocrx_word' id='word_1_180' title='bbox 162 3369 226 3418; x_wconf 68' lang='lat' dir='ltr'><strong>Sese.</strong></span> <span class='ocrx_word' id='word_1_181' title='bbox 242 3366 293 3428; x_wconf 85' lang='lat' dir='ltr'><strong>vll,</strong></span> <span class='ocrx_word' id='word_1_182' title='bbox 308 3379 362 3427; x_wconf 81' lang='lat' dir='ltr'><strong>cap.</strong></span> <span class='ocrx_word' id='word_1_183' title='bbox 379 3378 425 3414; x_wconf 86' lang='lat' dir='ltr'><strong>vu.</strong></span> 
     </span>
     <span class='ocr_line' id='line_1_31' title="bbox 115 3442 634 3508; baseline -0.008 -12"><span class='ocrx_word' id='word_1_184' title='bbox 115 3449 149 3508; x_wconf 73' lang='lat'><strong>(2)</strong></span> <span class='ocrx_word' id='word_1_185' title='bbox 164 3447 202 3496; x_wconf 85' lang='lat' dir='ltr'><strong>Pii</strong></span> <span class='ocrx_word' id='word_1_186' title='bbox 215 3447 234 3497; x_wconf 90' lang='lat' dir='ltr'>v</span> <span class='ocrx_word' id='word_1_187' title='bbox 246 3445 392 3496; x_wconf 85' lang='lat' dir='ltr'><strong>constitutio</strong></span> <span class='ocrx_word' id='word_1_188' title='bbox 402 3444 443 3496; x_wconf 79' lang='lat' dir='ltr'><strong>Ad</strong></span> <span class='ocrx_word' id='word_1_189' title='bbox 453 3442 634 3508; x_wconf 71' lang='lat' dir='ltr'><strong>exequendum.</strong></span> 
     </span>
    </p>
   </div>
   <div class='ocr_carea' id='block_1_8' title="bbox 112 3526 716 3672">
    <p class='ocr_par' dir='ltr' id='par_1_15' title="bbox 112 3526 716 3672">
     <span class='ocr_line' id='line_1_32' title="bbox 115 3526 716 3589; baseline 0 -13"><span class='ocrx_word' id='word_1_190' title='bbox 115 3530 150 3589; x_wconf 71' lang='grc' dir='ltr'><strong>ιθ)</strong></span> <span class='ocrx_word' id='word_1_191' title='bbox 165 3529 300 3579; x_wconf 79' lang='lat' dir='ltr'><strong>Concilium</strong></span> <span class='ocrx_word' id='word_1_192' title='bbox 310 3529 390 3588; x_wconf 79' lang='lat' dir='ltr'><strong>Trid,</strong></span> <span class='ocrx_word' id='word_1_193' title='bbox 401 3540 461 3577; x_wconf 80' lang='lat' dir='ltr'><strong>sess.</strong></span> <span class='ocrx_word' id='word_1_194' title='bbox 473 3526 559 3587; x_wconf 84' lang='lat' dir='ltr'>XXIV,</span> <span class='ocrx_word' id='word_1_195' title='bbox 570 3539 625 3586; x_wconf 87' lang='lat' dir='ltr'><strong>cap.</strong></span> <span class='ocrx_word' id='word_1_196' title='bbox 641 3537 716 3576; x_wconf 81' lang='lat' dir='ltr'><strong>xvrn.</strong></span> 
     </span>
     <span class='ocr_line' id='line_1_33' title="bbox 112 3606 663 3672; baseline -0.004 -15"><span class='ocrx_word' id='word_1_197' title='bbox 112 3608 152 3672; x_wconf 81' lang='lat'><strong>(4)</strong></span> <span class='ocrx_word' id='word_1_198' title='bbox 162 3609 299 3660; x_wconf 83' lang='lat' dir='ltr'><strong>Concihum</strong></span> <span class='ocrx_word' id='word_1_199' title='bbox 311 3608 389 3670; x_wconf 78' lang='lat' dir='ltr'><strong>Tria,</strong></span> <span class='ocrx_word' id='word_1_200' title='bbox 407 3621 466 3658; x_wconf 79' lang='lat' dir='ltr'><strong>sess.</strong></span> <span class='ocrx_word' id='word_1_201' title='bbox 477 3606 567 3668; x_wconf 84' lang='lat' dir='ltr'><strong>xxlll,</strong></span> <span class='ocrx_word' id='word_1_202' title='bbox 576 3618 631 3668; x_wconf 80' lang='lat' dir='ltr'><strong>cap.</strong></span> <span class='ocrx_word' id='word_1_203' title='bbox 645 3618 663 3658; x_wconf 84' lang='grc' dir='ltr'><strong>ι.</strong></span> 
     </span>
    </p>
   </div>
   <div class='ocr_carea' id='block_1_9' title="bbox 0 0 1321 4258">
    <p class='ocr_par' dir='ltr' id='par_1_16' title="bbox 0 0 1321 4258">
     <span class='ocr_line' id='line_1_34' title="bbox 0 0 1321 4258; baseline 0 0"><span class='ocrx_word' id='word_1_204' title='bbox 0 0 1321 4258; x_wconf 95' lang='lat' dir='ltr'><strong> </strong></span> 
     </span>
    </p>
   </div>
  </div>
 </body>
</html>
