2620 4258
214 336 267 381 alc
368 330 525 378 uxrosfflo
546 329 724 375 uuruculct
745 328 827 374 touls
849 329 1003 375 CANONICI.

212 448 485 512 estconvenientia
495 445 624 510 concilii
633 445 812 520 nationalis,
826 445 1025 524 provincialis
1035 451 1066 507 et
1076 446 1191 526 synodi

213 549 411 609 dioecesanae.

252 649 280 704 l.
309 641 436 705 Concilio
454 641 626 716 nationalio,
651 640 700 701 sin
729 639 834 700 minus
861 640 1048 712 necessaria,
1081 644 1194 700 tamen

211 741 302 804 utilia
315 746 390 802 sunt
406 741 439 800 in
455 739 580 801 casibus
599 737 732 799 arbitrio
746 736 911 798 Pontiflois
921 738 1190 811 determinandis;

213 839 293 900 ratio
320 845 379 912 est,
407 837 481 913 quia
498 835 531 896 in
561 835 605 896 eis
633 834 762 912 negotia
778 834 874 896 totius
900 835 1001 913 gentis
1024 834 1192 896 maturiori

214 936 349 998 consilio
365 939 397 996 et
410 933 523 1012 majori
539 932 726 993 auctoritate
739 930 944 992 deliniuntur.
955 932 1072 992 Verum
1085 933 1194 994 faten-

109 1018 112 1026 ’
213 1034 289 1094 dum
300 1038 358 1107 est,
370 1032 525 1092 minorem
540 1046 607 1090 esse
619 1029 747 1090 illorum
756 1028 926 1090 utilitatem
940 1033 1116 1107 atempore
1126 1047 1191 1106 quo

215 1131 330 1192 Sancta
345 1128 442 1190 Sedes
468 1124 567 1188 multa
594 1125 677 1188 inter
698 1142 808 1186 causas
835 1125 969 1204 majores
990 1125 1133 1204 reposuit
1160 1131 1192 1188 et

214 1228 281 1305 ipsa
295 1225 470 1304 cognoscit,
486 1241 557 1302 quae
568 1223 646 1285 olim
660 1222 803 1284 conciliis
817 1222 1028 1284 nationalibus
1041 1223 1193 1285 commit-

214 1323 372 1387 tebantur.

253 1425 282 1482 Ξ.
306 1420 482 1484 Utilitatem
495 1418 681 1480 conditorum
697 1417 921 1500 provincialium
948 1419 1097 1498 exprimit
1110 1436 1192 1480 eon-

215 1518 326 1580 cilium
353 1516 539 1580 Coloniense
554 1515 654 1596 (lota)
672 1535 714 1577 :u
740 1519 775 1578 ln
806 1517 933 1596 synodis
958 1517 1194 1597 redintegratur

120 1612 122 1616 ⁴
215 1615 329 1689 unitas,
345 1615 490 1676 studetur
505 1613 633 1693 corpori
646 1613 679 1672 in
694 1629 749 1673 sua
762 1612 942 1692 integritate
955 1615 1190 1688 conservando;

215 1713 269 1774 ubi
283 1730 320 1774 ea
332 1731 402 1792 quaa
414 1713 447 1772 in
459 1711 639 1773 visitatione
656 1728 723 1772 non
736 1709 869 1770 dabatur
883 1711 1008 1788 exequi,
1030 1711 1194 1773 executio-

216 1827 291 1872 uem
300 1811 414 1871 studiis
426 1809 649 1871 communibus
663 1813 885 1887 assequuntur,
899 1808 954 1868 ubi
979 1810 1018 1869 de
1045 1808 1194 1870 omnibus

216 1909 255 1968 ad
271 1907 353 1969 bene
364 1907 597 1984 christianaque
609 1907 778 1966 vivendum
790 1905 974 1966 necessariis
987 1905 1143 1980 statuitur,
1154 1909 1193 1966 ut

216 2003 377 2064 verissime
392 2004 535 2064 dicatur:
557 2003 639 2064 salus
654 2002 814 2078 Ecclesiae,
841 2007 943 2063 terror
967 2003 1108 2064 hostium
1125 2002 1193 2080 ejus

217 2105 249 2162 et
279 2099 353 2160 fidei
383 2099 550 2162 catholice
576 2097 825 2160 stabilimentum
855 2104 926 2160 sunt
964 2101 1088 2180 synodi,
1117 2117 1195 2179 quas

218 2197 313 2259 etiam
341 2196 518 2259 rectissime
532 2195 673 2275 corporis
694 2195 844 2257 Ecclesia
868 2213 979 2258 nervos
1006 2197 1192 2258 dixerimus.

218 2293 375 2372 Negleetis
402 2283 487 2354 enim
515 2292 641 2374 synodis
662 2310 727 2355 non
745 2293 836 2355 aliter
855 2294 1086 2356 ecclesiasticus
1113 2294 1193 2356 ordo

219 2390 344 2463 diffluit,
365 2407 461 2470 quam
476 2391 502 2450 si
514 2407 630 2468 corpus
645 2391 820 2452 humanum
833 2391 937 2453 nervis
950 2392 1098 2453 solvatur.
1113 2413 1128 2449 a

257 2491 286 2550 3.
311 2486 448 2570 Synodus
471 2486 628 2548 dioecesana
644 2487 684 2549 ob
702 2488 914 2566 multiplicem
934 2488 1088 2550 rationem
1104 2489 1194 2550 utilis

219 2591 276 2660 est,
294 2585 358 2646 sive
372 2589 519 2663 respectu
533 2585 621 2660 cleri,
635 2585 698 2646 sive
710 2591 858 2664 respectu
874 2586 1060 2664 disciplina.

259 2685 418 2762 Respectu
442 2683 519 2745 cleri
541 2684 678 2762 synodus
698 2685 800 2744 zelum
825 2685 1038 2762 parochorum
1051 2684 1144 2759 louet,
1160 2689 1195 2746 et

219 2780 375 2843 unitatem
392 2781 542 2860 Episcopi
556 2798 630 2842 cum
653 2779 844 2860 presbyteris
871 2782 1055 2844 dioecesanis
1078 2783 1193 2844 lirmat.

259 2879 418 2956 Respecto
430 2878 619 2956 disciplinae,
632 2879 769 2959 synodus
780 2883 827 2940 est
837 2879 978 2941 medium
993 2880 1032 2940 ad
1047 2897 1120 2941 eam
1131 2881 1197 2941 ins·

218 2976 417 3052 taurandam,
433 2981 503 3038 tum
520 2977 596 3056 quia
618 2994 675 3054 per
698 2978 855 3057 synodum
871 2979 1046 3057 Episcopus
1060 2995 1125 3042 uno
1144 2979 1196 3039 in·

218 3073 301 3136 tuitu
316 3078 433 3136 statum
447 3073 546 3135 totius
558 3074 704 3137 dioecesis
716 3075 950 3154 complectitur,
971 3081 1002 3137 et
1016 3077 1104 3156 leges
1117 3094 1197 3139 eon-

220 3171 381 3234 venientes
409 3171 523 3232 melius
560 3178 791 3252 preparantur3
835 3178 904 3236 tum
943 3174 1017 3252 quia
1058 3175 1198 3254 synodus

221 3266 452 3351 obseryantiam
466 3272 573 3349 legum
594 3276 770 3349 promovet,
786 3272 862 3334 dum
883 3273 945 3334 illis
959 3272 1198 3334 venerationem

222 3368 253 3425 et
267 3380 429 3427 assensum
444 3368 603 3431 conciliat.
620 3369 758 3432 Proinde
779 3370 927 3432 exercitia
941 3370 1118 3449 spiritualia
1132 3387 1198 3432 non

223 3460 370 3538 supplent
387 3465 556 3541 synodum.
