2620 4258
246 254 299 300 aba
411 249 566 295 oxeosmo
588 247 764 294 ucufloblca
784 247 867 292 sums
890 209 1044 293 chamuel.

283 371 314 428 2⁰
339 366 450 428 Libros
476 365 675 445 parochiales
703 364 943 444 baptizatorum,
971 363 1165 425 nubentium
1191 368 1222 425 et

243 468 442 525 mortuorum
458 462 651 524 describere.

282 563 320 624 V.
336 563 410 622 Pars
421 559 562 622 muneris
573 559 765 639 parochialis
773 564 820 621 est
829 558 901 619 bona
912 558 1036 620 ecclesie
1049 557 1223 638 temporalia

243 659 353 720 sedulo
373 676 493 732 curare,
516 663 546 720 et
571 659 610 719 de
629 657 692 718 illis
714 657 872 718 rationem
888 657 1018 735 singulis
1037 655 1129 716 annis
1149 655 1226 733 Epi·

241 772 338 834 scopo
350 756 497 816 reddere.

429 964 543 1024 Qnusrro
558 967 594 1015 2¹.
609 989 639 1001 -
652 963 688 1012 Dr
699 960 809 1012 Vicinus
829 971 1032 1012 aauocurunrans.

284 1131 426 1192 Vioarius
440 1132 628 1210 parochialis
643 1136 690 1194 est
703 1131 757 1192 ille
769 1129 824 1208 qui
842 1129 875 1189 in
890 1147 964 1192 cura
983 1129 1164 1192 animarum
1179 1129 1225 1190 vi-

245 1242 296 1290 ces
308 1229 436 1288 alterius
449 1229 541 1308 gerit.

284 1373 307 1422 l.
323 1368 414 1424 Variae
428 1369 537 1440 species
549 1368 728 1424 vicariorum
742 1366 963 1440 parochialium.

280 1459 307 1512 2.
324 1457 406 1512 Notio
420 1457 600 1514 vicariorum
618 1456 735 1528 proprie
752 1455 905 1512 dictorum.

517 1661 536 1708 Ι.
551 1686 581 1694 -
591 1659 673 1710 Variae
684 1658 779 1720 species
789 1657 952 1707 vicariorum.

285 1827 348 1886 Alii
368 1831 441 1887 sunt
460 1825 569 1887 Vieorr'i
581 1826 681 1886 curati
688 1825 826 1906 perpetui
840 1825 894 1903 qui
916 1823 1064 1903 parochis
1082 1822 1224 1900 aequipa-

245 1928 365 1998 rantur,
379 1924 432 1983 alii
445 1940 518 1986 vero
538 1923 646 1984 Viomal
656 1923 839 2004 teoporoles.

521 2135 542 2184 1.
560 2134 596 2182 De
611 2133 706 2182 vicario
723 2139 809 2200 curato
824 2140 951 2196 perpetuo.

286 2294 309 2352 l.
324 2291 409 2352 Illius
422 2293 515 2356 nono.
533 2327 572 2338 -
582 2293 727 2356 vicarius
751 2300 878 2356 curatus
896 2300 943 2356 est
957 2295 1012 2355 ille
1026 2293 1082 2372 qui
1096 2293 1134 2354 ah
1149 2291 1226 2371 llpi-

247 2406 345 2468 scopo
360 2391 513 2453 oanonice
528 2391 704 2452 instituitur
724 2391 757 2452 in
781 2393 915 2454 ecclesia
930 2391 1115 2472 parochiali,
1137 2392 1227 2471 cujus

247 2503 356 2548 curam
378 2490 545 2563 actualem,
563 2505 582 2548 a
600 2489 741 2567 parocho
755 2489 917 2568 primitivo
942 2489 1225 2568 independentem‚

247 2585 375 2664 accipit.
393 2586 552 2648 Paroohus
565 2585 750 2664 principalis
762 2586 880 2648 dieitur
894 2587 949 2648 ille
962 2586 1015 2665 qui
1029 2587 1129 2646 solum
1145 2587 1230 2647 reti·

246 2687 302 2744 net
316 2699 425 2744 curam
438 2683 643 2744 habitualem.

212 2855 214 2859 ¹
286 2779 429 2842 Vicarius
454 2784 603 2856 curatus‚-
618 2780 664 2842 ita
686 2781 789 2843 dictus
813 2781 853 2840 ad
881 2781 1068 2842 servandum
1091 2781 1227 2858 parochi

246 2876 429 2954 principalis
446 2877 584 2952 titulum,
600 2881 647 2938 est
659 2878 762 2957 reipsa
775 2877 943 2957 parochus,
952 2877 1110 2956 siquidem
1121 2882 1227 2939 actua-

245 2973 284 3034 lis
297 2990 373 3034 cura
384 2973 638 3052 independenter
652 2977 690 3036 ad
704 2976 808 3053 ipsum
819 2976 966 3054 pertinet.
983 2975 1019 3035 Ei
1033 2979 1224 3055 competunt

245 3070 419 3146 generatim
430 3070 502 3150 jura
521 3075 553 3134 et
576 3073 681 3134 officia
702 3073 931 3151 parochorum;
946 3079 1053 3134 tamen
1068 3073 1107 3134 ad
1124 3073 1225 3152 ipsius

247 3167 485 3246 deputationem
498 3186 561 3230 non
572 3170 742 3231 adhibetur
757 3187 942 3232 concursus.

285 3265 323 3326 Il.
340 3265 420 3346 Ejus
434 3267 609 3328 constitutio.
628 3300 668 3314 -
683 3270 712 3329 l.
731 3267 875 3330 Vicarius
890 3271 1016 3329 curatus
1032 3267 1067 3326 in
1082 3267 1228 3329 ecclesiis

247 3361 479 3437 parochialibus
493 3365 698 3427 constituitur
709 3364 913 3444 potissimum
926 3382 964 3427 ex
977 3365 1098 3444 duplici
1107 3383 1205 3428 causa
1218 3385 1226 3426 ε

247 3456 294 3516 rel
307 3456 381 3534 quia
396 3459 528 3521 ecclesia
542 3461 630 3524 unita
643 3466 690 3525 est
704 3461 796 3524 alteri
809 3462 965 3539 ecclesiae,
980 3463 1027 3524 vel
1041 3463 1116 3542 quia
1132 3463 1229 3544 erigi-

246 3559 299 3614 tur
310 3553 441 3615 ecclesia
453 3555 568 3619 filialis
