2588 4272
443 198 517 243 PARS
538 198 716 244 cussanus·
1029 197 1063 244 Μ

51 332 53 338 ’
92 311 241 392 Episcopi
257 312 331 374 iacti
344 317 416 374 sunt
429 313 575 374 membra
588 314 676 377 Sacri
688 311 819 392 collegii
833 314 931 393 quod,
954 313 1066 392 imagi-

92 427 162 471 nem
178 410 307 473 concilii
318 429 383 490 prae
396 428 428 472 se
442 413 558 487 ferens,
572 414 669 474 evasit
683 411 880 473 ordinarium
901 411 1065 474 Pontificio

92 501 270 566 consilium.
286 507 323 566 In
344 505 532 568 consistorio
551 505 764 570 cardinalium
782 506 918 586 plurima
938 505 1066 585 negotia

89 601 320 680 judicabantur.

129 699 263 762 3.AEros
278 700 557 784 Conprepotiooum.
568 703 842 778 —Asaeculoxv1‚
860 701 1065 766 multitudine

93 814 256 859 causarum
270 799 304 861 in
319 799 385 862 dies
405 802 504 881 magis
518 803 557 862 ad
583 801 704 863 curiam
726 817 891 863 romanam
907 801 1062 877 devoluta,

92 895 270 972 Pontifices,
284 915 324 959 ne
335 899 592 977 opprimerentur
606 917 702 962 onere
714 899 998 960 administrationis
1014 898 1065 960 oui

93 994 313 1056 consistorium
336 996 403 1075 jam
425 1015 489 1058 non
517 997 715 1078 sufficiebat,
739 999 944 1059 instituerunt
964 996 1064 1058 varias

93 1093 303 1154 Cardinaiium
329 1097 603 1176 congregationes,
632 1097 746 1176 quibus
769 1097 901 1176 singulis
933 1096 1063 1157 diversas

93 1208 190 1252 causae
204 1192 413 1272 assignantur.

128 1291 164 1350 ΙΙ.
194 1291 457 1370 Congregationes
486 1309 625 1356 romanae
647 1297 719 1353 sunt
743 1291 874 1352 distincti
898 1297 927 1352 et
948 1289 1064 1352 stabiles

95 1386 294 1449 Cordinoliom
316 1397 404 1450 coetus
427 1409 445 1449 a
466 1389 660 1471 Pontificibus
683 1388 830 1464 instituti,
853 1389 893 1449 od
914 1397 991 1449 certo
1012 1407 1064 1449 ne·
1131 1417 1134 1434 =

93 1487 168 1566 potio
182 1486 324 1564 curando,
340 1487 523 1549 discutienda
534 1497 563 1549 et
571 1487 736 1569 judicando
747 1507 802 1570 per
822 1483 950 1568 ipsorum
965 1493 1062 1568 potes·

95 1591 190 1648 toton.

129 1683 286 1747 Nimirum
300 1685 469 1747 auctoritas
485 1685 659 1761 Pontifiois‚
677 1702 750 1746 oum
772 1683 840 1764 ipse
854 1686 938 1746 solus
958 1681 1064 1745 omni-

86 1778 147 1841 ‘hus
159 1781 297 1862 negotiis
313 1783 492 1844 satisfacere
507 1787 655 1862 nequeat,
672 1783 758 1844 velut
771 1781 982 1862 multiplicata
997 1782 1064 1842 sin-

94 1877 169 1958 gulis
198 1879 500 1960 Congregationibus
535 1880 802 1942 communicatur.
841 1881 920 1940 Nam
953 1897 1091 1942 earum¹

95 1976 232 2038 membra
249 1983 320 2039 sunt
329 1977 452 2055 judices
468 1977 620 2040 ordinarii
635 1977 700 2056 qui,
716 1977 805 2058 juxta
819 1977 936 2040 limites
954 1995 1065 2039 mune-

94 2073 132 2133 ris
144 2074 355 2150 determinati,
371 2079 560 2155 potestatem
575 2075 782 2154 apostolicam
807 2081 953 2138 exercent
974 2093 1064 2138 more

93 2171 253 2234 tribunalis
288 2173 427 2252 supremi
438 2159 451 2250 ,'
479 2173 571 2236 salvis
598 2173 814 2254 praerogativis
844 2173 1064 2254 personalibus

95 2270 293 2334 Pontificum.

130 2369 225 2450 Igitur
246 2370 328 2432 sicut
349 2369 493 2434 Vioarius
522 2369 676 2450 generalis
704 2387 804 2434 unum
827 2369 966 2432 tribunal
989 2387 1063 2432 cum

95 2465 247 2548 Episcopo
270 2469 444 2545 constituit,
472 2469 516 2530 ita
542 2470 807 2548 congregationes
825 2485 951 2548 semper
967 2473 1063 2548 agunt

95 2567 218 2628 nomine
238 2568 409 2630 Pontifiois.
429 2567 519 2630 Unde
533 2567 723 2628 Benedictus
738 2569 807 2632 XIV
829 2569 897 2640 ait:
917 2569 1062 2629 «Earum

97 2679 166 2728 roee
180 2683 249 2728 suas
265 2665 362 2728 Sedes
376 2665 559 2744 Apostolica
572 2665 712 2727 declarat
725 2665 905 2727 sententias.
920 2687 935 2724 o

98 2858 144 2929 §²-
154 2894 183 2904 —
197 2863 391 2932 iiuttipeneris
402 2865 555 2919 auotoritas
571 2845 744 2918 decisionum
759 2879 776 2918 a
792 2809 1060 2932 (ionprepationibus

475 2947 611 2999 editarum
625 2949 674 3011 (2).

131 3103 414 3184 Congregationum
435 3103 612 3166 decisiones
636 3104 757 3183 duplici
781 3103 878 3165 modo
906 3100 1063 3181 jurispru-

98 3201 205 3265 dentiae
219 3205 381 3266 canonicas
397 3203 581 3266 inserviunt.

126 3395 155 3456 [lt
166 3371 292 3456 suscitor,
300 3375 350 3443 Des
359 3393 447 3444 Peines
462 3391 672 3458 ecclesiasticum,
682 3391 713 3442 de
723 3390 824 3455 l’rippel
833 3392 858 3440 ct
867 3390 911 3442 des
919 3391 1061 3458 concrepa

100 3473 157 3523 tione
170 3477 307 3527 rmnar'oes.
322 3502 352 3510 -
366 3469 477 3536 Berardi‚
495 3472 681 3524 Commentario
693 3473 775 3538 injus
790 3470 995 3536 ecclesiasticum,
1004 3479 1025 3524 t.
1040 3471 1061 3534 1,

99 3549 186 3605 dissert.
197 3555 230 3617 ΙΙ,
244 3569 303 3618 cap.
318 3567 358 3604 111.

207 3653 231 3700 1.
928 3650 942 3694 6
