2630 4250
217 257 273 306 att
397 257 553 304 EXPOSITIO
575 259 753 306 Mnsflootca
773 263 856 308 tttttts
878 263 1034 308 CANONICI.

358 479 381 529 l.
403 479 632 530 *iurisdictionis
647 479 852 541 pontificiseJ'ura
868 480 894 528 in
911 481 1054 531 Ecclesiam.

257 648 397 719 Ouatuor
410 651 483 707 sunt
498 647 655 726 ejusmodi
665 647 737 726 Jura
753 667 760 708 ε

249 790 292 844 A.
309 791 358 845 lus
369 803 513 860 suprema
527 789 723 858 inspectionis.

251 879 292 934 B.
311 880 436 934 Potestas
447 877 617 948 legislativa.

255 964 291 1022 C.
311 968 436 1022 Potestas
445 965 611 1037 judiciaria.

253 1057 289 1108 D.
308 1053 525 1110 Administratio
536 1069 650 1110 rerum.

505 1277 525 1322 1.
539 1269 583 1316 lus
593 1279 716 1328 suprema
728 1266 900 1328 inspectionis.

252 1415 331 1476 Cum
357 1415 507 1476 Summus
543 1414 687 1474 Pontifex
718 1431 783 1475 suae
815 1412 1037 1475 sollicitudinis
1061 1417 1092 1472 et
1120 1409 1214 1491 vigi-'

210 1511 318 1573 lantiae
346 1529 455 1573 curam
482 1511 601 1590 ubique
634 1510 843 1590 personaliter
875 1526 1020 1571 exercere
1043 1516 1199 1587 nequeat,

207 1608 271 1686 ipsi
292 1611 470 1673 necessaria
504 1617 577 1671 sunt
613 1607 819 1686 inspectionis
862 1607 967 1669 media
996 1605 1111 1684 quibus
1154 1609 1200 1670 de

211 1710 294 1766 statu
318 1707 468 1774 Ecclesiae
500 1707 617 1768 certior
640 1707 804 1768 reddatur.
834 1705 975 1766 Primum
1006 1704 1199 1782 hujusmodi

208 1803 352 1864 medium
382 1803 557 1865 Ecclesiam
582 1803 790 1864 universalem
816 1803 946 1882 ejusque
971 1802 1197 1880 independen-

207 1902 285 1962 tiam
311 1900 451 1978 respicit,
484 1901 605 1962 scilicet
634 1901 877 1980 Episcoporum,
910 1900 987 1960 oleri
1015 1905 1046 1962 et
1076 1901 1197 1980 populi

208 2002 317 2058 mutua
345 2013 419 2058 oum
446 1997 578 2058 Summo
606 1997 758 2058 Pontifice
788 1997 889 2058 libera
924 1997 1195 2059 communicatio.

203 2095 351 2156 Alterum
365 2099 412 2156 est
431 2095 482 2173 jus
501 2094 702 2174 pontificium
727 2095 875 2156 mittendi
895 2097 1027 2174 Legatos
1055 2095 1088 2154 in
1110 2113 1195 2174 pro-

205 2192 334 2254 vincias,
350 2192 492 2254 Tertium
507 2197 553 2254 est
574 2193 625 2271 jus
646 2192 838 2258 relationum
858 2209 913 2254 seu
932 2193 983 2270 jus
1008 2191 1196 2270 recipiendi

203 2286 370 2349 relationes
400 2289 440 2350 ab
473 2289 637 2368 Episcopis
670 2289 848 2368 praesertim
886 2305 943 2367 per
971 2288 1194 2352 visitationem

204 2383 350 2446 liminum
372 2387 609 2465 Apostolorum,
631 2387 671 2447 de
694 2405 755 2464 qua
775 2385 912 2448 breviter
933 2387 986 2448 hic
1011 2387 1192 2450 dicendum

203 2487 262 2543 est.
957 2497 959 2502 ·

477 2717 591 2768 visitatio
605 2719 720 2768 liminum
735 2721 918 2781 Apostolorum.

240 2895 437 2973 Expenditur
452 2897 483 2956 l⁰
499 2897 583 2957 illius
599 2897 705 2976 orig03
724 2901 755 2959 ⁰2⁰
767 2898 818 2976 jus
833 2897 1046 2973 hodiernum3
1064 2901 1096 2958 3ο
1111 2915 1187 2960 mo-

203 2993 263 3052 dus
277 2992 474 3054 visitationis.

238 3091 263 3150 l.
279 3090 359 3171 Ejus
374 3091 466 3172 oripo.
483 3124 523 3138 -
545 3093 741 3156 visitationis
761 3094 851 3173 origo
872 3098 919 3156 est
944 3094 1185 3172 antiquissima.

200 3182 322 3246 Saeculo
342 3202 362 3246 x
381 3187 447 3266 jam
468 3187 642 3250 invaluerat
672 3189 756 3266 apud
781 3190 956 3268 llpiscopos
980 3193 1186 3254 consuetudo

198 3281 331 3343 Romam
358 3285 557 3363 proficiendi,
588 3291 657 3348 tum
684 3291 720 3348 ut
744 3287 970 3364 Apostolorum
991 3288 1104 3348 limina
1126 3305 1187 3350 ve-

196 3383 482 3457 nerarentur,‘tum
503 3388 538 3444 ut
555 3385 591 3444 R.
622 3383 767 3446 Pontifici
794 3403 886 3446 suum
914 3385 1102 3448 exhiberent
1121 3385 1186 3448 ob-

196 3475 353 3554 sequium.
382 3480 414 3540 S.
446 3481 612 3558 Gregorius
644 3484 699 3545 Vll
728 3483 861 3562 urgebat
882 3485 966 3546 hunc
993 3501 1084 3545 usum
1109 3485 1183 3563 jam

185 3571 314 3666 ‘ubique
347 3573 555 3639 obtinentem.
585 3581 785 3660 preceptum
810 3582 982 3662 positivum
1012 3582 1184 3662 spectabat
