2626 4258
461 271 534 315 calls
555 267 718 314 SPECIALIS.
1025 269 1076 315 385

140 391 298 461 Quatenus
312 394 360 448 est
374 387 555 466 collegium,
576 388 604 448 ei
623 387 778 466 competit
792 386 844 466 jus
859 387 1075 462 autonomiacr

96 487 309 566 quamobrem
321 503 339 546 a
351 483 482 565 proprio
498 485 601 564 capite
615 484 784 546 convocari
801 489 917 562 potest.

138 587 184 646 Ex
194 585 300 664 regula
311 583 458 664 generali,
474 583 614 664 capitula
626 587 859 662 congregantur
869 583 936 644 sine
948 581 1079 646 lieentia

97 683 258 762 Episcopi.
282 685 431 745 Attamen
451 683 520 743 haec
542 683 651 759 regula
670 682 832 761 duplicem
855 681 1078 759 exceptionem

98 780 229 860 patitur,
246 785 316 842 tum
334 797 371 841 ex
383 797 421 842 co
439 781 525 858 quod
544 781 654 841 adesse
679 777 780 858 possit
803 779 965 842 contraria
1000 795 1079 839 con·

99 879 247 954 suetudo,
266 883 335 942 tum
357 895 395 940 ex
417 895 455 940 eo
476 877 562 957 quod
582 894 648 939 uon
670 876 879 955 prohibeatur
901 877 1078 956 Episcopus

100 977 363 1039 convocationem
376 976 506 1056 capituli
517 980 647 1055 propter
657 993 784 1056 gravem
797 991 925 1037 causam
936 973 1079 1054 aliquan·

101 1075 145 1136 do
158 1077 365 1154 suspendere.

139 1176 171 1236 2.
187 1173 367 1252 Capitulum
382 1179 429 1236 est
440 1173 638 1236 ordinarium
651 1174 699 1235 vel
712 1173 1010 1236 extraordinarium.
1027 1175 1076 1235 Ad

99 1273 275 1353 capitulum
299 1273 495 1334 ordinarium
520 1271 666 1335 canonici
690 1271 883 1334 sufficienter
906 1271 1075 1334 convocati

100 1377 269 1434 censentur
282 1389 339 1452 per
352 1370 499 1434 notitiam
512 1371 667 1451 temporis
682 1375 714 1434 et
726 1371 789 1433 loci
805 1376 977 1434 conventus
991 1371 1077 1433 cele·
1089 1413 1095 1432 ,.

99 1466 225 1532 brandi.

139 1569 188 1630 Ad
203 1568 378 1647 capitulum
392 1568 679 1632 extraordinarium
699 1567 805 1631 vocari
827 1567 946 1631 debent
963 1586 1075 1630 omnes

100 1667 246 1728 canonici
259 1665 292 1727 in
313 1667 439 1729 civitate
460 1673 643 1746 presentes,
662 1673 693 1729 et
709 1684 775 1729 non
788 1669 900 1747 procul
916 1667 1074 1750 absentes,

98 1761 168 1824 Imo
181 1763 278 1824 etiam
287 1763 435 1826 absentes
447 1765 643 1828 convocandi
653 1769 737 1843 sunt,
750 1763 805 1826 ubi
816 1765 919 1846 agitur
931 1767 971 1827 de
981 1765 1078 1827 rebus

98 1859 228 1938 majoris
242 1861 410 1922 momenti.
598 1921 600 1925 ,
881 1935 883 1938 ,

139 1959 178 2019 ll.
194 1947 283 2018 Actus
303 1958 487 2040 capitularis.
501 1961 540 2007 '-
553 1964 581 2023 l.
603 1963 724 2024 Praeses
742 1961 873 2042 capituli
889 1965 937 2024 est
957 1959 1011 2024 ille
1024 1961 1076 2024 cui

99 2057 254 2135 competit
261 2057 312 2136 jus
328 2061 536 2122 convocandi.

139 2157 173 2217 2.
192 2157 326 2218 Necesse
338 2162 385 2219 est
400 2164 434 2220 ut
444 2165 677 2237 congregentur
687 2160 758 2221 duae
770 2177 807 2220 ex
819 2157 920 2222 trihus
931 2159 1075 2239 partibus

98 2251 327 2316 canonicorum
342 2256 396 2335 qui
409 2257 519 2317 adesse
534 2257 663 2331 debent,
681 2263 815 2336 possunt
828 2262 859 2318 et
872 2259 995 2320 volunt.

139 2353 168 2412 3.
185 2353 307 2415 Vocem
326 2354 444 2416 hebent
465 2354 655 2434 generaliter
675 2354 721 2415 illi
743 2356 845 2416 solum
867 2355 1015 2434 quisunt
1037 2357 1077 2417 de

99 2465 234 2511 numero
251 2452 490 2514 canonicorum.
508 2451 674 2514 canonicis
688 2451 852 2530 impeditis
865 2452 942 2514 licet
956 2453 1077 2514 consti-

97 2552 188 2610 tuere
208 2555 450 2628 procuratorem
472 2551 526 2631 qui
546 2549 730 2630 suffragium
753 2551 834 2613 serat
856 2549 1000 2629 ipsorum
1018 2569 1078 2613 no·

99 2647 198 2710 mine.

137 2751 169 2810 l.
197 2747 347 2828 Suffragia
370 2748 471 2809 libera
495 2765 563 2810 esse
587 2748 716 2811 debent.
743 2743 861 2808 Verum
886 2749 1001 2810 modus
1021 2748 1077 2810 illa

98 2846 266 2908 emittendi
276 2865 341 2908 non
355 2847 414 2909 luit
423 2848 494 2928 jure
510 2847 674 2910 communi
689 2847 928 2923 determinatus,
946 2847 1076 2910 electio-

97 2944 193 3007 nibus
209 2946 361 3024 exceptis.

138 3044 168 3104 il.
186 3044 248 3105 Pro
266 3043 353 3105 exitu
371 3043 492 3124 negotii
511 3045 700 3123 regulariter
716 3042 890 3123 requiritur
913 3047 944 3104 et
962 3041 1079 3103 suflicit

98 3157 272 3203 consensus
285 3141 407 3222 majoris
426 3148 457 3204 ct
476 3142 599 3203 sanioris
617 3144 715 3222 partis
741 3142 958 3222 praesentium.
979 3141 1079 3218 Major

98 3247 206 3302 autem
225 3259 298 3320 pars
318 3245 465 3302 censetur
486 3241 602 3318 sanior,
619 3243 680 3303 nisi
700 3245 740 3305 de
758 3257 855 3322 pravo
870 3241 957 3302 illius
971 3238 1078 3300 animo

98 3339 247 3418 probatio
260 3339 328 3400 fieri
341 3339 442 3418 possit
455 3338 625 3431 superiori.
