2604 4270
452 283 617 328 PRAEFATIO.
982 284 1018 328 111

47 429 144 500 ‘certo;
176 421 289 510 itaque
324 421 439 490 studiis
466 422 692 492 ecclesiasticis
723 425 941 510 consulentes,
974 442 1018 490 ne

54 564 130 629 omni
148 571 247 632 vento
271 563 426 632 doctrinae
447 565 659 652 agitaremur,
682 565 918 633 elaborandum
939 584 1017 632 cen-

51 713 179 773 suerunt
193 705 229 772 in
248 715 335 773 recta
346 703 433 792 juris
446 706 696 776 instauratione.
714 707 841 787 Quibus
857 706 1016 774 Dominus

49 854 151 914 noster
173 845 251 914 Pius
270 847 328 925 IX,
353 846 393 914 dc
416 847 645 934 promovendis
671 848 884 916 scientiarum
911 845 1016 912 incre·

48 987 159 1054 nentis
186 987 357 1074 sollicitus,
384 988 510 1056 animos
536 988 672 1085 addidit,
699 998 736 1056 ut
766 989 802 1056 in
829 987 1015 1058 seminariis

45 1126 219 1215 majoribus
233 1127 454 1215 praelectiones
465 1131 637 1198 canonicas
647 1130 857 1198 instituerent
873 1149 883 1197 ε
899 1125 1016 1196 «Δάο-

44 1266 187 1334 lescentes
201 1264 315 1334 clerici
332 1267 368 1335 in
386 1269 501 1338 vestris
517 1269 744 1340 seminariis...
765 1289 935 1336 sacrorum
958 1289 1015 1334 ca-

43 1430 164 1476 nonum
186 1407 371 1494 scientiam,
392 1432 433 1478 ea
452 1411 639 1480 auctoribus
657 1411 700 1478 ab
719 1409 912 1502 apostolica
932 1405 1016 1475 Sede

39 1549 182 1638 prodatis
193 1547 440 1642 depromptam,
454 1553 607 1644 consequi
615 1553 751 1621 caleant
764 1552 821 1643 (l).
837 1575 855 1616 a

80 1691 207 1760 Exinde
221 1694 448 1784 multoplures
463 1716 601 1764 numero
612 1704 701 1777 sunt,
717 1695 774 1783 qui
782 1693 1015 1783 jurispruden-

39 1833 85 1902 tiae
100 1842 231 1922 vacent,
248 1843 280 1903 et
293 1837 462 1904 exarandis
477 1837 604 1925 scriptis
623 1836 787 1905 canonicis
804 1856 919 1923 operas
939 1856 1014 1903 suas
1044 1876 1046 1879 -

37 1978 241 2068 impendant.
254 1981 504 2070 Verumtamen,
514 2002 590 2049 cum
598 2003 650 2050 res
659 2001 774 2049 omnes
787 1981 920 2069 optimae
930 2001 1013 2046 non·

39 2121 96 2188 nisi
107 2121 237 2190 sensim
248 2121 431 2189 adolescant
442 2131 473 2190 et
483 2123 707 2211 perficiantur,
721 2123 883 2203 dolemus,
892 2121 1013 2188 doctri-

36 2281 107 2328 nam
124 2260 229 2348 juriS,
249 2281 372 2350 exque
393 2267 570 2333 restaurari
591 2266 699 2356 coepit,
724 2287 790 2334 non
810 2264 954 2356 potuisse
972 2265 1013 2332 ad

33 2402 214 2486 pristinum
221 2401 363 2471 nitorem
374 2403 502 2474 adduci.
517 2407 552 2474 Si
562 2407 596 2474 in
606 2427 738 2476 causam
751 2406 950 2474 difficultatis
959 2406 1013 2474 in-

32 2545 157 2632 quiras,
174 2544 391 2635 multiplicem
402 2547 660 2618 iacileinvenies.
678 2549 744 2616 Alii
757 2569 900 2636 namque
910 2549 1014 2638 scrip-

33 2695 114 2756 tores
125 2689 248 2757 selecta
256 2687 405 2776 quaedam
417 2688 596 2779 disciplinae
610 2691 715 2779 capita
730 2688 934 2760 discutienda
948 2690 1011 2759 sibi

33 2838 270 2918 sumpserunt3
287 2830 341 2898 alii
361 2831 529 2902 universas
544 2829 631 2920 juris
646 2833 729 2901 sacri
747 2840 854 2921 partes
872 2833 1013 2901 illustra·

32 2981 105 3038 runt
126 2971 286 3062 pluribus
306 2974 500 3061 magnisque
519 2973 755 3062 voluminibus
775 2995 916 3062 quorum
936 2993 1013 3061 ope-

32 3131 97 3181 rosa
126 3121 180 3182 est
200 3113 298 3182 lectio
305 3136 314 3198 ;
342 3115 453 3202 paucis
474 3115 677 3204 propositum
698 3115 760 3182 fuit
781 3115 1013 3202 compendium
1112 3119 1119 3128 “

32 3255 218 3327 seminariis
252 3263 286 3323 et
313 3256 535 3326 sacerdotibus
562 3255 762 3324 destinatum
793 3257 1009 3328 conscribere.

58 3476 88 3537 (ι)
99 3478 139 3528 Pii
151 3475 185 3527 IX
198 3475 294 3526 littera
309 3475 441 3540 encyclicas
457 3477 525 3526 later
539 3474 705 3540 multiplices,
724 3476 756 3527 ad
767 3477 902 3542 Episcopus
922 3478 1011 3530 Galliae

31 3557 77 3619 lure
89 3568 117 3617 ar
134 3567 224 3620 marin
240 3567 320 3626 rasa).
