2620 4258
191 201 245 251 ”ll
369 203 524 252 uxrustuio
546 195 720 248 uulnootct
741 203 823 248 JUlllS
845 203 1000 249 emolliet.

290 417 403 478 Qousrro
418 419 456 467 ²⁸.
469 441 500 454 -
513 415 549 466 lle
563 425 746 464 cruunnnnons
758 428 865 467 concrum
878 419 1059 470 rnovrucnrn.

574 602 600 650 i.
617 599 785 650 praesidentia.

159 765 162 770 '
227 755 428 835 Metropolita
440 755 589 833 praesidet
601 756 714 817 eodem
725 756 797 838 jure
808 774 871 836 quo
886 757 923 816 ad
936 756 1026 816 illum
1041 758 1165 834 spectat

187 854 372 920 convocatio
387 853 525 916 concilii.
540 854 618 914 Cum
629 853 700 933 jure
713 860 835 918 tantum
851 852 1066 932 ecclesiastico
1085 870 1165 932 prae-

188 953 229 1014 sit
245 952 410 1032 Episcopis
437 950 618 1030 provinciae,
639 950 713 1014 ideo
737 951 836 1030 ipsius
858 951 1002 1032 praesidis
1023 957 1164 1030 potestas

187 1049 342 1114 limitibus
355 1048 574 1128 restringitur3
592 1067 618 1110 v.
637 1068 667 1128 g.
682 1050 808 1111 nonnisi
830 1051 870 1112 de
885 1067 1012 1123 assensu
1032 1050 1166 1128 ldpisco·

187 1165 301 1230 porum
316 1153 420 1228 potest
433 1146 594 1208 silentium
613 1147 708 1210 alicui
728 1147 880 1225 indicere,
904 1147 1077 1218 concilium
1099 1147 1164 1212 dis-

187 1244 318 1305 solvere.

361 1443 386 1492 2.
403 1441 506 1504 Negotia
520 1441 624 1492 concilio
640 1440 786 1504 provinciali
802 1442 978 1504 competentia.

157 1619 159 1623 ’
225 1613 250 1674 Ι.
273 1611 450 1673 Concilium
465 1612 657 1691 provinciale
674 1630 740 1673 non
751 1611 862 1672 definit
876 1629 925 1672 res
940 1610 1014 1671 fidei
1035 1615 1164 1674 contro·

185 1727 300 1772 versas.
316 1711 426 1772 Potest
446 1726 520 1772 vero
532 1710 645 1790 punire
658 1709 846 1786 haereticos;
861 1709 1004 1788 judicare
1020 1725 1160 1782 errorem

185 1807 420 1886 reprobatuma
440 1807 622 1892 Scripturis,
648 1806 687 1868 ab
704 1806 854 1878 Ecclesia,
872 1822 889 1866 a
903 1806 1060 1867 sententia
1074 1823 1162 1868 com·

185 1905 275 1966 muni
291 1903 477 1978 doctorum;
501 1906 597 1965 etiam
610 1923 659 1966 res
674 1905 747 1966 fidei
771 1904 913 1979 delinire,
938 1903 1003 1964 sive
1018 1919 1057 1964 ex
1078 1903 1161 1964 dele-

185 2003 310 2082 gatione
326 2003 449 2062 Sanotae
468 2003 559 2063 Sedis
584 2008 620 2063 ut
644 2003 816 2064 concilium
831 2002 1072 2074 Arausicanurn‚
1099 2001 1159 2063 sive

185 2118 223 2162 ex
240 2097 484 2160 confirmatione
511 2099 547 2160 lt.
577 2099 741 2161 Pontillcis
765 2105 800 2162 ut
814 2099 986 2162 concilium
1002 2099 1161 2179 Carthagi·

183 2210 293 2255 nense.

223 2292 345 2353 Pariter
365 2310 430 2354 non
443 2293 568 2373 judicet
585 2311 635 2356 res
662 2293 839 2374 disciplinae
863 2294 1029 2374 generalis,
1058 2309 1159 2374 neque

184 2409 293 2453 causas
309 2391 444 2470 maiores
455 2409 525 2470 quae
542 2391 666 2454 Sanctae
686 2392 761 2454 Sedi
774 2397 982 2454 reservantur.

224 2491 263 2551 ΙΙ.
286 2490 334 2551 Ad
349 2490 522 2551 concilium
537 2491 731 2568 provinciale
759 2495 880 2569 spectat
904 2493 972 2551 tum
991 2487 1160 2569 applicatio

181 2589 261 2668 J'uris
277 2588 449 2670 dogmatici
463 2594 494 2649 et
509 2587 688 2667 disciplinae
714 2587 908 2664 universalis,
935 2593 1003 2649 tum
1022 2586 1159 2666 partiou-

185 2686 259 2748 laris
274 2685 442 2768 disciplina
456 2685 643 2766 provinciae.

514 2887 539 2936 3.
562 2884 630 2936 Ordo
644 2883 829 2936 celebrationis.

224 3059 248 3122 l.
271 3056 384 3118 Effusis
397 3055 429 3116 in
444 3054 605 3134 provincia
617 3054 775 3134 precibus,
794 3055 898 3134 prima
909 3057 1006 3118 sessio
1019 3056 1163 3118 celebra-

186 3155 280 3215 turin
298 3155 442 3228 ecclesia,
464 3159 496 3215 et
510 3154 809 3233 conciliaminoipit
832 3171 888 3232 per
914 3155 1029 3233 triplex
1052 3156 1162 3217 decre·

182 3257 252 3314 tum
266 3253 307 3315 de
321 3253 492 3332 aperienda
504 3253 636 3332 synodo,
657 3253 697 3313 de
710 3253 807 3314 modo
818 3253 942 3314 vivendi
962 3252 995 3312 in
1008 3253 1158 3328 concilio,

183 3351 223 3410 de
244 3351 438 3428 professione
468 3350 554 3410 lldci.
584 3349 794 3428 Designantur
834 3347 960 3411 concilii
994 3349 1158 3412 officiales.¹

182 3447 273 3509 Ritus
290 3445 463 3506 adhibendi
477 3445 701 3508 describuntur
719 3445 752 3506 in
769 3445 947 3508 Pontificali
963 3463 1107 3524 romano,
1126 3446 1159 3506 in

184 3543 403 3606 caeremoniali
417 3543 660 3624 *cpiscoporum
678 3544 800 3607 iunctis
814 3544 1036 3607 conciliorum.
