2626 4258
471 217 544 262 PARS
568 215 732 264 susumus.
1036 219 1086 266 877

106 337 373 417 persolverentur.
390 331 524 395 Sorrista
541 351 597 396 seu
620 333 829 398 lbesoarorius
843 342 873 400 et
892 336 996 400 Custos
1013 338 1089 398 reli-

105 436 211 517 quias,
236 453 307 497 vasa
323 451 421 508 sacra,
444 439 518 506 etc,
534 433 707 510 curabant;
732 435 850 514 saepius
864 453 976 498 eorum
999 436 1088 498 idem

106 539 176 596 erat
191 535 341 596 cilicium.
357 534 431 594 Haec
443 532 573 594 nomina
586 533 774 614 plerumque
789 551 873 595 nunc
884 534 989 599 inania
1002 539 1086 610 sunt,

106 633 230 694 diversa
242 649 300 712 pro
315 630 446 692 diversis
467 630 557 706 locis,
575 647 635 692 nec
649 631 787 694 retinent
801 633 966 712 vestigium
980 633 1088 714 pristi-

104 729 347 810 naepotestatis.

145 833 179 893 2.
198 830 291 890 Juxta
303 828 460 907 vigentem
477 826 678 906 disciplinam
696 827 729 889 iu
744 829 900 908 capitulis,
916 829 1084 910 dignitates
1156 909 1158 914 Α

105 933 138 991 et
153 929 313 1008 simplices
339 926 543 988 canonicatus
564 927 717 1007 distingui
742 929 853 990 solent.
882 930 1086 991 Attendenda

104 1031 154 1089 est
169 1027 371 1088 ecclesiarum
386 1026 595 1101 consuetudo,
609 1032 641 1088 et
654 1027 827 1088 videndum
844 1027 917 1106 quid
932 1024 1085 1106 jurisdic-

103 1124 213 1199 tionis,
231 1125 277 1186 vel
288 1124 438 1196 muneris,
454 1124 503 1184 vel
512 1123 641 1184 honoris
655 1124 770 1203 cuique
782 1124 1085 1188 conferatur.Prima

103 1222 242 1300 dignitas
256 1222 287 1281 in
311 1221 441 1282 diversis
468 1220 658 1282 dioecesibus
684 1228 731 1286 est
753 1223 801 1285 vel
818 1222 1083 1298 Archidiacouus,

102 1321 152 1381 vel
169 1323 323 1394 Decauus,
337 1321 385 1380 vel
400 1319 606 1397 Propositus.

142 1417 317 1498 Dignitates
335 1417 432 1479 hodie
447 1418 567 1478 nullam
578 1417 838 1496 jurisdictionem
851 1418 971 1480 babent
985 1437 1084 1481 anne-

100 1532 187 1590 xam,
208 1532 244 1576 ac
270 1515 406 1594 proinde
429 1515 547 1576 rectius
574 1531 625 1576 eas
646 1515 762 1577 dixeris
778 1521 964 1596 personatus
989 1535 1082 1597 quam

102 1615 282 1694 dignitates
299 1619 447 1676 Attamen
462 1632 499 1676 ex
511 1613 599 1696 praxi
614 1615 784 1692 dignitates
800 1615 949 1676 dicuntur
959 1619 1026 1677 turn
1037 1635 1083 1679 eae

101 1711 219 1792 quibus
234 1713 311 1774 olim
325 1729 447 1774 annexa
470 1717 537 1774 erat
548 1711 740 1792 jurisdicti0‚
764 1717 832 1773 tum
858 1711 942 1774 tituli
965 1713 1085 1778 benefi-

100 1811 199 1872 ciales
212 1811 266 1890 qui
285 1828 323 1872 ex
340 1815 457 1873 statuto
477 1811 526 1873 vel
544 1810 773 1873 consuetudine
799 1810 1005 1892 dignitatibus
1027 1812 1083 1872 ad-

101 1909 296 1972 scribuntur.

141 2007 221 2069 Inde
245 2008 307 2071 duo
323 2008 500 2094 inseruntur
524 2027 532 2069 :
557 2009 588 2068 l⁰
607 2007 783 2086 Dignitates
798 2012 872 2070 sunt
888 2008 952 2070 sire
970 2007 1084 2070 Archi-

102 2105 256 2167 diaconus
277 2111 309 2167 et
332 2103 596 2185 Archipresbyter
612 2123 649 2167 eo
670 2107 741 2184 ipso
766 2107 851 2184 quod
867 2107 929 2168 hoc
952 2106 1083 2168 nomine

100 2204 316 2284 insigniuntur
337 2222 354 2264 a
372 2205 442 2282 jure
458 2203 491 2261 in
516 2203 668 2263 Ecclesiis
682 2203 928 2280 cathedralibus,
947 2204 1010 2265 sive
1028 2205 1083 2266 ille

100 2303 275 2365 canonicus
301 2302 355 2381 qui
379 2306 426 2362 est
438 2305 533 2378 caput
554 2304 585 2359 et
604 2316 722 2377 praeses
738 2299 878 2376 capituli.
895 2304 978 2361 -20
998 2301 1083 2362 Nulli

98 2399 154 2460 alii
171 2405 245 2460 sunt
266 2397 437 2477 dignitates
459 2395 520 2456 nisi
538 2395 615 2456 tales
636 2395 820 2472 probentur,
838 2397 886 2458 vel
901 2415 956 2477 per
971 2397 1084 2458 decre-

98 2503 168 2559 tum
184 2495 353 2558 erectionis
362 2495 447 2557 tituli
463 2495 606 2573 ipsorum
620 2492 653 2552 in
665 2492 863 2572 dignitatem,
874 2497 922 2556 vel
938 2513 996 2575 per
1006 2512 1084 2556 con·
1139 2549 1146 2560 ,

24 2651 27 2658 .
100 2595 305 2658 suetudinem
320 2599 351 2656 et
370 2591 637 2656 existimationem
657 2589 731 2667 loci,
748 2593 795 2652 vel
811 2609 877 2670 per
884 2593 1082 2672 jurisdictio-

96 2711 174 2756 nem
189 2698 344 2773 perpetuo
358 2693 453 2754 titulo
469 2707 637 2752 annexam.

139 2793 179 2853 II.
208 2789 314 2872 Officia
337 2789 368 2850 in
386 2789 524 2872 capitolo.
549 2820 588 2834 -
614 2785 791 2848 Concilium
810 2789 1020 2852 Lateranense
1038 2794 1079 2856 IV

100 2889 240 2952 institnit
265 2889 297 2949 in
326 2889 472 2968 capitulis
503 2887 739 2950 cathedralibus
775 2887 893 2965 duplex
925 2887 1077 2966 officium,

98 3006 216 3068 nempe
236 2987 435 3073 Theologalis
456 2992 487 3048 et
511 2987 751 3049 Poenitentiarii.
774 2988 849 3046 Haec
872 2983 1082 3078 saluberrima

99 3087 257 3150 institutio
271 3084 467 3148 stabiliorem
482 3085 619 3147 sormam
634 3105 652 3147 a
667 3085 810 3150 Concilio
823 3082 1011 3146 Tridentino
1026 3100 1081 3144 ac-

100 3184 205 3264 cepit;
223 3183 335 3244 exinde
353 3182 575 3244 canonicatum
590 3175 809 3262 theologalem
827 3185 859 3244 et
877 3182 1083 3260 peanitentia-

101 3281 164 3342 lem
183 3280 275 3358 erigit
293 3280 481 3358 Episcopus,
501 3280 576 3340 dum
592 3281 782 3360 prebendas
797 3281 903 3360 prium
917 3284 1081 3342 vacaturas

101 3379 150 3440 his
161 3377 346 3440 muneribus
358 3376 514 3439 stabiliter
529 3378 628 3439 afficit
642 3377 695 3460 (l).

132 3590 165 3654 (1)
183 3589 319 3640 Concilium
336 3587 518 3650 Tridentinnm,
533 3602 593 3640 sess.
610 3590 640 3645 V.
652 3603 707 3658 cap.
721 3603 744 3649 ις
758 3603 817 3640 sess.
833 3589 920 3649 XXIV,
936 3604 993 3656 cup.
1005 3605 1075 3644 xvnr.
