2588 4272
492 323 567 372 PARS
586 321 766 372 consulut.

326 519 342 585 5
357 519 384 573 l.
400 545 433 560 -·
447 517 549 572 Earum
562 518 716 572 auctoritas
727 516 882 572 intrinsece
893 518 936 581 tt).

183 691 207 754 1.
221 692 301 756 llaec
322 687 494 752 auctoritas
508 689 597 752 nulla
611 693 669 752 est.
690 687 855 768 Precipua
867 686 1012 750 falsitatis
1026 704 1120 768 argu·

146 793 284 852 menta:

183 890 415 966 Argumentum
426 886 633 950 extrinsecum.
650 919 690 934 ·-
704 889 820 949 darum
835 885 1043 950 decretalium
1056 899 1122 948 non

145 984 361 1046 meminerunt
373 983 481 1062 priora
500 985 646 1060 concilia,
660 1003 725 1047 non
743 990 865 1047 veteres
877 986 985 1047 Patres
999 989 1031 1046 et
1045 983 1123 1045 sori-

145 1091 263 1166 ptores,
283 1100 349 1145 non
370 1081 538 1164 Dionysius
557 1084 690 1164 diligens
713 1085 877 1161 collector,
893 1103 961 1147 non
985 1083 1122 1162 denique

148 1181 267 1257 caeteri,
292 1197 429 1260 quorum
455 1180 606 1243 intererat
630 1181 665 1242 in
685 1182 907 1246 controversiis
931 1183 1049 1245 exortis
1071 1197 1123 1244 eas

148 1281 269 1342 litteras
280 1280 469 1358 producere,
483 1279 509 1340 si
522 1279 709 1343 extitissent.

187 1379 381 1457 Argumenta
407 1375 572 1441 intrinseca.
590 1409 630 1424 -
650 1380 680 1438 l.
702 1377 799 1440 Multa
819 1377 852 1439 in
877 1377 922 1462 eis
952 1374 1124 1440 occurrunt

149 1475 327 1538 recentiora
339 1477 433 1536 aetate
454 1473 645 1537 Pontificum
660 1475 775 1554 quihus
788 1475 1028 1550 adscribentem
1044 1493 1072 1538 v.
1091 1494 1120 1554 g.

151 1574 386 1654 scripturarum
400 1573 565 1636 sententie
582 1574 671 1654 juxta
688 1572 865 1634 versionem
878 1574 910 1634 S.
925 1571 1123 1654 Hieronymi,

151 1687 287 1734 canones
301 1669 511 1733 conciliorum
523 1688 593 1748 qum
604 1670 749 1732 nondum
763 1669 922 1731 celebrata
933 1675 1032 1732 erant.

154 1771 155 1778 ’
180 1772 219 1830 2.
234 1771 279 1831 De
292 1767 578 1848 persecutionibus,
596 1768 636 1829 de
648 1766 866 1829 consolatione
888 1772 1073 1848 martyrum,
1087 1767 1126 1828 de

153 1867 257 1944 rebus,
282 1872 375 1939 statu,
408 1865 549 1927 moribus
577 1881 688 1926 eorum
714 1869 898 1943 temporum
923 1865 1055 1927 omnino
1086 1865 1128 1926 si-

153 1968 228 2028 lent.

191 2068 221 2128 3.
234 2063 333 2126 Falsa
342 2061 522 2125 consulares
534 2065 630 2137 note,
641 2061 762 2148 eisdem
773 2061 915 2141 epistolis
927 2063 1039 2140 affixae,
1054 2079 1129 2125 oon-

154 2165 236 2226 sules
248 2162 398 2236 referunt,
413 2161 468 2241 qui
481 2161 514 2220 in
525 2160 613 2222 lastis
628 2161 778 2222 Romanis
789 2179 951 2240 nunquam
967 2163 1064 2224 luere.

191 2265 222 2324 l.
240 2261 351 2323 Sermo
363 2259 450 2320 rudis
463 2263 496 2320 et
512 2257 664 2320 barbarus
680 2275 696 2318 a
712 2259 856 2338 priorum
871 2261 1061 2323 seculorum
1079 2260 1129 2322 ni-

154 2367 221 2424 tore
232 2376 361 2439 prorsus
370 2357 491 2421 alienus
506 2362 568 2431 est;
582 2356 669 2418 idem
680 2373 807 2436 semper
819 2359 927 2438 stylus,
937 2360 994 2420 ead
999 2377 1050 2423 em
1061 2376 1128 2420 ver·

155 2458 269 2522 horum
291 2447 516 2536 dispositioun
533 2460 582 2517 tot
607 2454 758 2534 epistolis,
787 2473 858 2534 quae
883 2456 923 2518 ah
945 2457 1128 2520 auctoribus

156 2557 285 2619 dirersae
311 2555 404 2633 plane
427 2553 556 2629 indolis,
588 2553 689 2615 aetatis
714 2571 751 2616 ac
775 2571 904 2616 morum
926 2555 1053 2634 scriptae
1081 2555 1130 2616 di·

156 2659 279 2719 cuntur.

194 2753 233 2814 ll.
246 2751 353 2814 Foetes
364 2747 453 2831 tejas
466 2748 647 2812 collectionis.
659 2781 697 2796 -
710 2751 780 2812 Non
793 2749 901 2812 omnia
911 2753 1017 2812 tamen
1030 2748 1131 2813 Isido-

156 2869 208 2912 rus
221 2850 312 2911 linxit
323 2848 452 2929 ingenio
469 2865 537 2922 suo,
554 2849 608 2910 sed
630 2853 765 2927 quatuor
778 2854 1058 2911 monumentorum
1077 2853 1155 2930 ge!

157 2947 284 3012 naribus
296 2965 370 3008 usus
385 2951 433 3008 est
451 2964 459 3007 :
476 2949 504 3007 l.
522 2943 668 3021 Genucius,
684 2948 792 3026 quales
807 2953 880 3010 sunt
896 2947 1069 3009 decretales
1092 2965 1131 3010 ex

158 3047 269 3108 codice
290 3045 480 3126 Dionysiano
507 3045 692 3124 desumptae.
719 3077 758 3092 -
776 3049 806 3106 2.
833 3044 1044 3125 Supposititiie,
1060 3061 1131 3124 quae

157 3143 224 3224 ipse
235 3143 335 3218 finxit,
346 3148 381 3204 ut
391 3148 464 3204 sunt
476 3143 585 3204 multae
595 3143 787 3204 Pontificum
798 3142 1038 3220 epistolae.-·-3.
1050 3144 1131 3225 Apo-

157 3240 285 3324 cryptis,
302 3258 373 3320 quae
386 3239 425 3300 eb
440 3239 508 3302 aliis
524 3240 638 3318 scripta
657 3239 725 3317 ipse
745 3239 778 3300 in
798 3254 889 3299 suam
907 3239 1131 3311 collectionem
1166 3237 1174 3288 Ι

158 3341 275 3404 retulit.
288 3343 369 3403 -t
387 3335 588 3419 Interpolatr's,
607 3354 678 3416 quae
693 3336 841 3399 videlicet
856 3334 919 3398 suis
934 3337 1133 3401 additamen-

158 3437 361 3518 tiscorrupit.

91 3663 98 3674 ,
190 3613 223 3678 (ll
237 3610 329 3675 scetis,
340 3607 509 3660 Proenotioner
523 3605 603 3676 injur
612 3605 811 3673 ecclesiasticum,
823 3621 878 3674 cap.
893 3619 935 3661 ur.
