2626 4258
265 307 317 356 tet
438 309 595 356 exroslrlo
616 308 792 355 uernoolclt
813 307 896 355 tuuis
917 308 1074 356 callorum.

263 429 418 504 vicarius,
433 432 567 507 excepto
582 445 655 490 casu
671 427 912 492 consuetudinis
927 428 1173 502 immemorialis
1185 426 1240 508 (1).

300 531 330 591 8.
351 529 400 589 An
417 526 566 606 capitulis
584 527 691 590 Gallie
713 527 808 590 liccat
821 527 928 606 plures
943 527 1085 590 Viearios
1096 527 1245 604 eligere?

261 623 360 701 llujus
372 623 476 702 praxis
489 623 680 686 inducendae
696 624 852 686 rationem
866 625 968 703 aperit
978 624 1153 686 concilium
1166 641 1244 702 pro-

261 720 374 784 vinciae
388 722 552 784 Remensis
573 723 615 801 (8)
635 742 641 782 :
662 722 933 801 «Quoniamupud
950 722 1123 785 Galliarum
1136 723 1243 783 ecele-

262 819 470 898 siaspropter
493 819 680 880 dioecesium
710 820 928 882 extensionem
953 819 1131 898 Episcopus
1157 820 1240 880 duos

262 916 359 980 habet
385 917 518 980 vicarios
538 920 701 997 generales
729 936 747 980 a
767 918 921 996 gubernio
937 919 1133 998 stipendium
1156 917 1241 995 reci-

262 1015 397 1095 pientes,
431 1033 468 1076 ex
497 1016 645 1078 diuturna
673 1009 905 1079 consuetudine
928 1016 1105 1095 capitulum
1134 1020 1243 1096 potest

262 1119 316 1175 aut
338 1115 469 1175 eosdem
491 1115 607 1194 eligere
630 1114 688 1176 sub
714 1114 905 1177 vicariorum
930 1115 1153 1196 capitularium
1185 1131 1241 1174 no·
1304 1153 1305 1192 ,

263 1211 361 1286 mine,
375 1217 429 1272 aut
453 1212 531 1274 alios
556 1211 633 1290 ipsis
658 1212 829 1291 adjungere
851 1213 900 1274 vel
922 1212 1016 1274 etiam
1034 1211 1239 1273 substituere.
1304 1201 1305 1214 ¹

262 1311 417 1370 Numerus
435 1315 541 1372 autem
563 1326 673 1370 corum
686 1327 749 1370 nou
762 1309 984 1389 progrediatur
997 1310 1239 1381 ultramodum,

261 1424 301 1470 ue
329 1407 496 1470 recedatur
517 1425 535 1468 a
563 1413 670 1469 mente
694 1405 828 1469 concilii
851 1407 1050 1483 Tridentini,
1076 1412 1131 1468 aut
1159 1407 1242 1468 forte

183 1527 186 1536 ·
241 1503 405 1582 ,videatur
427 1505 601 1584 capitulum
627 1505 766 1584 seipsum
793 1505 949 1566 actualem
965 1505 1111 1567 dimoesis
1137 1503 1242 1564 admi-

261 1601 466 1665 nistratorem
481 1603 686 1679 constituere,
705 1609 737 1665 ct
758 1603 803 1665 stc
816 1603 940 1666 irritam
954 1603 1058 1683 legem
1079 1600 1240 1664 'l'ridenti-

261 1717 336 1760 nam
351 1701 496 1764 reddere.
511 1722 527 1760 a
1104 1759 1107 1766 .

304 1799 389 1860 lstud
412 1800 577 1862 decretum
599 1817 617 1860 a
638 1799 891 1879 Congregatione
905 1799 1040 1861 Concilii
1059 1804 1241 1860 correctum

261 1913 327 1958 nou
339 1896 409 1958 luit.
424 1900 584 1970 Attamen,
600 1900 785 1972 ann01858,
801 1897 972 1958 Praefectus
984 1897 1243 1976 congregationis

262 1995 301 2054 ad
319 1994 604 2073 Archicpiscopum
619 1998 809 2056 Remensem
824 1995 863 2057 de
880 1995 1033 2057 relatione
1048 2000 1147 2056 status
1162 1995 1243 2056 dioe-

264 2091 345 2154 cesis
363 2091 484 2170 scripto
506 2093 672 2171 respondit
699 2113 706 2154 :
729 2116 744 2148 a
767 2095 856 2166 Quod
877 2093 992 2168 innuis,
1015 2095 1091 2155 sede
1112 2099 1242 2154 vacante

261 2195 326 2253 tres
353 2189 486 2252 vicarios
519 2191 707 2267 capitulares
738 2191 811 2270 eligi
841 2192 954 2266 solere,
985 2190 1243 2253 animadvertunt

262 2290 381 2362 Patres,
398 2289 537 2368 capitula
551 2289 787 2351 Cathedralium
801 2307 901 2351 unum
913 2289 1074 2352 Vicarium
1091 2290 1244 2368 capitula·

262 2403 343 2462 rem,
363 2391 550 2449 nouantem
570 2388 651 2448 duos
669 2388 717 2448 vel
736 2389 843 2466 plures
859 2388 1013 2466 deputare
1032 2386 1161 2448 debere.
1179 2389 1248 2449 Mo-

263 2482 352 2544 nebis
378 2483 484 2562 itaque
509 2484 695 2564 capitulum,
719 2487 753 2545 ut
780 2483 854 2545 huic
872 2483 1049 2562 disciplina
1069 2483 1244 2556 adhereat,

264 2597 338 2644 cum
360 2583 539 2660 praesertim
565 2600 630 2643 non
653 2581 845 2660 impediatur
867 2580 994 2644 Vicario
1020 2580 1118 2641 alium
1142 2580 1246 2641 virum

264 2680 454 2755 adsciscere,
473 2680 526 2758 qui
540 2697 634 2760 opem
648 2679 837 2760 adjutricem
850 2678 956 2740 eidem
968 2677 1121 2757 praeheat.
1135 2700 1150 2736 o

304 2778 426 2840 llxinde
449 2779 596 2856 quaedam
618 2779 756 2857 capitula
772 2794 872 2838 unum
888 2775 1050 2838 vicarium
1068 2776 1245 2854 clegerunt.

265 2878 396 2947 Verum,
421 2893 504 2937 anno
528 2878 615 2950 1863,
643 2875 846 2955 congregatio
875 2873 1020 2948 concilii,
1043 2891 1063 2934 a
1086 2874 1249 2935 canonicis

265 2973 410 3038 eeclesiae
439 2973 646 3036 cadurcensis
670 2973 874 3053 interrogata,
906 2993 921 3030 a
948 2971 1117 3051 questioni
1142 2973 1248 3051 quoad

264 3071 516 3134 nominationem
545 3072 680 3133 duorum
707 3070 907 3145 vicariorum,
925 3071 1001 3132 sede
1020 3074 1162 3146 vacante,
1182 3087 1251 3132 res-

266 3169 391 3249 poudit,
405 3187 487 3249 posse
501 3168 630 3232 tolerare.
647 3190 661 3227 a

306 3268 361 3328 111.
374 3265 463 3327 Doleo
473 3265 577 3327 vicarii
588 3265 771 3346 capitularis.
785 3299 827 3311 -
841 3267 869 3326 1.
888 3268 985 3327 Recte
998 3264 1142 3328 l'icarius
1157 3266 1250 3345 eligi-

264 3369 318 3425 tur
341 3380 378 3423 er
404 3362 567 3426 canonicis
591 3362 741 3426 Ecclesia
766 3362 967 3438 cathedralis,
990 3363 1046 3424 sed
1071 3362 1250 3442 capitulum

266 3477 331 3520 non
346 3460 533 3536 prohibetur
547 3465 731 3522 extraneum
746 3460 899 3522 idoneum
914 3459 1044 3539 eligere.

299 3599 332 3657 (1)
347 3597 444 3647 Decisio
455 3598 481 3646 ln
493 3611 568 3648 cauea
582 3601 759 3650 Panormitano
773 3602 863 3665 (ld9i).

301 3675 336 3740 (2)
348 3677 484 3726 Concilium
499 3679 673 3730 suessionense
687 3681 779 3743 (1818),
789 3680 831 3732 tit.
847 3693 898 3742 xiv,
908 3692 964 3741 cap.
984 3691 1026 3729 u..
