2630 4250
477 283 550 328 rans
572 281 735 326 eruemus.
760 257 762 262 ’

444 520 700 578 ARTICULUS
725 520 778 574 lli

497 698 578 739 ΡΠΙΑ
594 697 726 738 ΤΟΝὸΠΗΔ.

157 863 303 923 'tonsura
321 862 491 922 delinitur:
509 860 703 922 caeremonia
716 859 756 920 ah
774 857 917 921 Ecclesia
940 856 1094 933 instituta,

120 975 181 1039 qua
194 957 295 1020 laicus
314 958 347 1018 in
361 959 482 1020 clerum
495 959 677 1020 assumitur.

156 1057 181 1118 Ι,
198 1053 305 1116 Primo
315 1063 432 1116 tonsura
444 1075 501 1116 ooo
514 1065 556 1117 est
578 1055 648 1118 ordo
659 1055 781 1136 proprie
794 1053 898 1128 doctus,
915 1053 970 1114 sed
988 1051 1096 1132 dispo·

120 1153 190 1215 sitio
207 1153 354 1232 quaedam
377 1155 416 1216 ad
430 1154 569 1216 ordines.
587 1156 621 1216 ld
637 1154 797 1233 colligitur
820 1169 858 1215 ex
878 1152 1020 1215 Concilio
1033 1151 1099 1212 'lri-

121 1252 263 1328 dentino,
281 1253 367 1331 quod
384 1270 449 1314 uon
462 1253 565 1314 solum
580 1258 744 1314 tonsuram
758 1269 824 1314 non
844 1255 993 1312 numerat
1015 1250 1098 1311 inter

121 1350 260 1425 ordines,
274 1366 385 1411 verum
397 1351 485 1412 illam
498 1351 537 1412 ab
553 1351 598 1412 eis
612 1351 730 1412 diserte
745 1349 910 1428 distinguit
919 1351 972 1428 (l).

158 1449 251 1510 Ratio
272 1452 332 1524 est,
350 1449 425 1526 quia
437 1466 494 1527 per
508 1465 638 1512 omnem
653 1449 801 1512 ordinem
821 1448 950 1526 proprie
973 1447 1096 1510 dictum

124 1547 285 1609 confertur
305 1551 445 1624 potestas
466 1546 506 1609 ad
537 1547 709 1624 specialem
737 1544 936 1606 functionem
962 1562 1094 1607 sacram.

121 1645 216 1724 Atqui
229 1660 288 1723 per
298 1650 465 1706 tonsuram
475 1629 564 1706 nulla
572 1643 736 1706 confertur
745 1642 928 1723 hujusmodi
937 1647 1075 1721 potestas
1088 1663 1096 1717 ;

122 1745 175 1804 sed
186 1744 292 1804 solum
303 1759 373 1803 eam
382 1742 739 1820 suscipientesclericali
749 1741 855 1802 ordini
863 1739 1097 1814 adscribuntur,

122 1846 153 1902 et
167 1840 277 1901 divino
287 1838 386 1902 cultui
400 1841 602 1903 addicuntur.
623 1841 705 1902 Hinc
720 1840 753 1900 in
773 1839 954 1900 Pontificali
967 1855 1101 1901 romano

121 1939 230 2000 titulus
258 1935 292 1998 de
320 1935 436 1999 Clerico
461 1936 603 2017 sariendo,
631 1957 697 2000 non
725 1937 914 2012 ordinando,
936 1937 1118 1999 collationi

122 2039 234 2120 primae
248 2042 386 2099 tonsurae
401 2036 574 2117 praeligitur
589 2039 646 2118 (2).

159 2138 198 2198 ll.
219 2133 379 2216 Multiplecr
391 2143 555 2196 recensetur
565 2133 1102 2215 effectustonsuroe:-l.Tonsurati

76 2279 79 2294 .
123 2239 201 2297 flunt
226 2232 372 2296 membra
398 2239 496 2296 status
521 2239 552 2294 et
578 2234 700 2294 ordinis
714 2234 880 2295 clericalis.
896 2237 980 2295 -2
997 2232 1102 2294 lnduti

124 2332 356 2414 superpelliceo
364 2332 511 2392 assistere
525 2311 702 2410 possunti’n
718 2332 817 2392 choro
828 2332 869 2392 ad
882 2331 1038 2393 cantanda
1052 2329 1103 2390 di·

125 2432 192 2493 vina
203 2427 320 2492 officia.
333 2431 411 2490 -3.
426 2429 475 2490 Ad
492 2429 684 2506 supplendas
692 2429 869 2490 functiones
880 2429 1028 2490 ordinum
1042 2427 1104 2488 mi-

124 2545 240 2591 norum
263 2527 455 2588 admittendi
478 2531 552 2587 sunt
575 2544 641 2605 prae
662 2525 762 2586 laicis.
782 2529 863 2588 -4,
881 2528 1016 2605 (lapaces
1029 2531 1103 2587 sunt

124 2627 161 2688 ad
176 2625 372 2704 acquirenda
385 2623 539 2685 beneflcio
551 2623 775 2696 ecclesiastica,
790 2625 887 2685 modo
898 2641 962 2684 non
976 2629 1104 2684 careant

124 2719 330 2800 qualitatihus
343 2721 383 2780 ad
395 2721 573 2786 functiones
588 2720 736 2782 beneficii
747 2720 918 2798 requisitis.
930 2752 969 2766 ·-
978 2723 1008 2781 5.
1021 2721 1104 2782 Prae·

124 2822 276 2897 parantur
287 2818 327 2878 ad
342 2817 509 2878 ulteriores
524 2818 663 2892 ordines,
678 2818 718 2878 ad
734 2835 814 2896 quos
826 2817 1003 2896 Episcopus
1018 2817 1104 2895 ipsos

122 2915 311 2996 iudicaverit
332 2920 433 2994 aptos.
461 2949 502 2960 —
523 2918 553 2977 6.
578 2916 756 2994 Acquirunt
779 2915 944 2994 privilegia
967 2915 1105 2976 clerieo·

125 3025 208 3088 rum,
224 3011 363 3073 maxime
378 3011 438 3072 lori
453 3013 638 3076 etcanonis.
655 3047 692 3056 -
711 3017 741 3074 7.
759 3012 806 3072 Ad
822 3012 893 3074 vitae
914 3029 1103 3090 morumque

126 3110 326 3172 sanctitatem
338 3127 405 3189 prae
415 3110 504 3173 laicis
518 3109 699 3191 obligantur
714 3110 767 3191 (3).

156 3295 190 3356 (1)
205 3292 343 3346 Concilium
354 3295 539 3356 ¹tridentinum,
551 3307 613 3345 sess.
632 3295 722 3370 1111111,
735 3307 793 3355 cap.
804 3307 834 3345 u.

156 3376 192 3440 (t)
204 3375 435 3438 Schmnlagruebcr,
449 3374 495 3423 luo
505 3373 709 3433 eccleuustioum,
719 3373 761 3423 lib.
770 3375 792 3434 l,
806 3376 847 3424 tlt.
866 3380 904 3426 11.

157 3458 190 3516 (31
206 3454 339 3516 zullingon,
352 3455 524 3506 institutiones
530 3453 604 3517 jurio
613 3452 789 3513 concredidit.
801 3455 821 3514 l,
833 3455 872 3506 tit.
891 3460 927 3508 11.
