2630 4250
457 287 529 331 PARS
549 285 715 334 sanctam.
1020 285 1072 333 tat

135 397 158 462 i.
183 399 317 462 Potestas
340 397 491 462 oeream
508 405 663 482 competit
683 403 758 466 solis
779 409 810 466 ct
831 403 979 466 omnibus
999 405 1075 482 Epi-

92 497 201 576 scopis
209 498 270 559 rite
279 500 472 562 consecratis
484 501 538 580 (t),
552 501 677 562 etiamsi
686 501 748 563 sint
761 502 902 580 suspensi
914 501 962 564 vei
973 501 1075 564 haerc-

93 593 150 656 tici
172 601 227 657 aut
249 595 455 659 schismatici.
477 597 569 660 Ratio
588 604 646 675 est,
657 599 731 678 quia
749 603 888 680 potestas
905 597 1074 661 ordinandi

92 693 245 754 fundatur
257 693 467 757 inindelchili
485 697 666 759 charactere
685 697 871 776 episcopali,
889 703 921 759 et
944 699 1074 760 affectus

91 799 367 857 sacramentorum
379 811 443 855 non
455 795 599 874 pendcta
612 793 755 856 bonitate
768 795 817 856 vei
830 795 952 857 malitia
965 793 1076 856 minis·

92 899 228 954 trorum.

137 991 190 1052 Ad
202 1005 349 1051 normam
367 989 461 1070 hujus
484 989 636 1068 principii
660 990 875 1052 ordinationes
890 993 1075 1054 Graecorom

92 1106 153 1168 pro
182 1087 293 1148 validis
319 1087 487 1150 habentur.
514 1089 633 1148 Verum
658 1087 874 1150 ordinationes
898 1089 1075 1168 anglicanas

93 1183 195 1247 irrita
207 1189 387 1258 censentur,
404 1191 473 1246 turn
488 1185 530 1246 ob
542 1185 754 1264 interruptam
768 1186 884 1248 seriem
898 1187 1074 1249 successio-

94 1283 143 1344 nis
153 1271 388 1363 Episcoporum
403 1283 436 1344 in
451 1283 616 1359 inescata,
632 1288 701 1346 tum
716 1283 758 1346 ob
771 1285 907 1346 formam
921 1283 1076 1347 essentia-

95 1381 169 1444 liter
183 1381 336 1443 vitiatam.

134 1479 176 1542 ΙΙ.
188 1479 294 1540 Eotro
312 1477 441 1539 ordinem
456 1485 487 1540 et
507 1495 581 1540 eum
606 1479 733 1542 licentia
754 1477 878 1540 Summi
899 1479 1074 1550 Pontificio.

94 1576 193 1639 etiam
213 1575 389 1657 presbyteri
409 1575 675 1638 subdiaconatum
696 1581 729 1637 et
751 1575 918 1638 inferiores
947 1577 1077 1639 ordines

96 1675 242 1736 conferre
254 1679 398 1754 possunt.
415 1675 534 1736 Verum
545 1673 745 1752 privilegium
755 1673 943 1735 conterendi
953 1673 1078 1736 subdia·

97 1777 249 1834 conatum
264 1773 314 1834 vix
334 1771 522 1834 conceditur
541 1771 747 1853 preshyteris,
770 1788 808 1834 ex
833 1789 897 1852 quo
922 1773 976 1835 ille
998 1774 1078 1836 ordo

95 1871 135 1930 ad
151 1871 287 1948 majores
301 1869 450 1948 pertinet.

136 1968 221 2029 Hinc
235 1967 415 2029 cardinales
427 1965 604 2048 presbyteri
615 1967 648 2028 in
662 1966 807 2029 ecclesiis
821 1985 952 2029 suorum
966 1967 1079 2030 titulo-
1160 1955 1162 1958 ’

95 2083 180 2140 rum,
194 2069 226 2126 et
237 2065 367 2127 abbates
381 2065 562 2126 sacerdotes
572 2065 759 2127 solemniter
768 2064 931 2128 benedicti
939 2065 1078 2144 primam

98 2170 262 2226 tonsuram
276 2169 308 2225 et
321 2163 448 2224 ordines
462 2162 603 2224 minores
617 2163 681 2224 suis
696 2160 832 2224 subditis
846 2164 1026 2225 conferunt.

270 2365 286 2429 ἓ
303 2365 327 2418 ².
340 2363 416 2418 —iia
427 2363 553 2432 loaitirpo
567 2363 755 2418 ordinationis
765 2363 906 2419 minmtro.

139 2521 188 2582 Ad
200 2512 446 2598 competentiam
457 2517 595 2580 ministri
604 2515 779 2595 requiritur
787 2517 836 2578 vei
845 2521 881 2578 ut
889 2516 943 2578 iile
955 2516 996 2578 sit
1007 2515 1081 2595 Epi-

97 2634 215 2696 scopus
227 2617 375 2697 proprius
388 2616 487 2695 ipsius
499 2615 680 2690 ordinandi,
694 2615 741 2678 vel
758 2615 872 2678 soltom
883 2614 1080 2693 utaproprio

96 2717 194 2796 hujus
208 2714 364 2794 Episcopo
378 2713 541 2776 licentiam
554 2713 681 2776 habeat.

133 2848 260 2912 ansrro
276 2849 314 2902 Ρ.
330 2845 368 2900 Do
381 2845 518 2918 Episcopo
534 2844 666 2936 propp-io.

138 2937 262 3002 Qunsrro
276 2938 316 2991 2¹.
332 2935 370 2990 Dc
382 2934 486 2992 littaris
500 2933 678 2992 dimissoriis.

177 3132 292 3192 onasus
307 3134 341 3181 1.‚
361 3155 393 3168 -·
403 3130 440 3180 Da
456 3142 574 3180 srrscoro
587 3141 696 3180 raoraro
710 3141 835 3180 annuero
848 3139 995 3178 oneramur.

140 3278 241 3342 Unius
251 3281 299 3340 ost
312 3275 434 3340 Summi
444 3276 606 3356 Pontificio
618 3280 759 3354 potestas
768 3277 887 3356 ubique
900 3275 1085 3338 ordinandi..

81 3447 84 3452 ¹
99 3375 253 3455 Episcopi
266 3391 352 3449 vero,
368 3381 501 3456 propter
517 3374 705 3437 divisionem
720 3373 917 3450 dioecesium,
934 3373 1019 3436 haud
1034 3373 1084 3434 in·

102 3473 350 3536 discriminatim
366 3473 421 3535 sed
435 3473 562 3535 nonnisi
575 3473 711 3535 subditis
725 3477 757 3534 et
772 3473 806 3533 in
820 3489 876 3534 sua
890 3471 1018 3536 dioecesi
1033 3489 1085 3534 or-

136 3631 171 3694 (1)
180 3631 319 3682 Concilium
333 3631 515 3694 Tridentium,
533 3643 597 3683 sess«
613 3628 703 3694 xant,
716 3642 771 3681 can.
782 3641 827 3681 vu.
