2604 4270
185 262 199 308 6
353 259 511 306 ΕΧΡΟΒΙΤΙΟ
532 257 709 304 unrflonlcn
731 258 814 303 touls
837 257 993 302 canonici.

184 369 289 440 clesiae
302 375 479 438 rectoribus
497 376 719 438 decernantur.
739 375 795 436 lus
809 374 901 436 civile
920 375 1005 453 leges
1020 375 1162 436 continet

185 493 255 553 quae
270 475 303 534 in
329 473 460 552 singulis
477 473 618 535 Statihus
638 476 827 550 apotestatc
852 472 937 534 civili
959 473 1104 533 feruntur
1119 473 1159 534 ob

184 574 304 634 honum
318 573 502 650 temporale.

223 673 399 748 Utrumque
415 671 519 749 vigere
549 673 684 730 constat.
711 667 840 729 Etenim
862 672 996 745 utraque
1012 667 1155 742 societas

182 766 331 828 videlicet
356 766 570 828 ecclesiastica
594 771 625 828 et
651 764 761 839 3111113,
785 769 833 825 331
858 764 1017 838 distincta,
1042 781 1099 842 per
1126 779 1158 824 se

183 869 365 938 autonoma,
382 881 438 924 seu
459 863 491 922 in
507 863 617 924 ordine
642 880 698 923 suo
714 861 946 940 independens.
971 863 1048 923 Cum
1071 879 1106 923 ea
1116 861 1158 922 sit

183 962 343 1024 societatis
367 966 546 1022 autonomae
570 960 704 1034 indoles,
722 964 758 1020 ut
778 960 850 1038 jure
873 960 1003 1039 proprio
1020 959 1156 1038 regatur,

183 1058 306 1120 idcirco
328 1059 472 1120 Ecclesia·
493 1062 525 1120 et
539 1059 644 1120 Status
663 1074 755 1118 suum
770 1057 937 1144 proprium
955 1057 1005 1136 jus
1028 1056 1154 1118 habent.

183 1155 260 1216 lnde
275 1157 360 1235 leges
375 1155 597 1218 ecclesiastice
615 1160 646 1217 et
659 1155 777 1216 civiles.
840 1214 841 1217 ,
1117 1179 1118 1182 “

224 1253 371 1314 Jamvero
386 1253 558 1314 discrimen
571 1251 684 1332 magni
696 1253 850 1314 momenti
863 1253 946 1314 inter
957 1252 1008 1330 jus
1026 1252 1158 1313 canoni-

184 1367 258 1411 cum
273 1356 304 1411 et
314 1351 366 1428 jus
381 1351 472 1412 civile
486 1350 655 1412 intercedit
670 1367 677 1412 :
690 1350 839 1412 differunt
853 1335 939 1410 enim
952 1349 1085 1426 origine,
1099 1349 1158 1410 oh·

179 1448 268 1526 jecto
284 1452 316 1508 et
329 1449 402 1508 line.
430 1479 470 1490 —
484 1449 511 1507 l.
525 1447 668 1526 Origine:
683 1447 778 1526 Origo
788 1447 950 1508 societatis
965 1446 1066 1508 civilis
1080 1451 1159 1506 3313

183 1547 250 1606 Deo
267 1548 302 1605 ut
318 1549 446 1605 auctore
457 1548 597 1620 naturae3
615 1545 720 1622 posito
734 1544 817 1606 lacto
831 1543 1043 1617 revelationis,
1058 1543 1160 1604 33313-

183 1637 309 1698 31331133
323 1637 458 1699 30313133
476 1642 604 1698 3331013
620 1637 743 1698 Christo
756 1637 909 1708 consistit.
928 1635 1096 1722 1113131133
1111 1652 1159 1695 13-

183 1731 310 1810 giminis
332 1733 448 1793 formas
468 1734 590 1808 induit;
610 1735 670 1796 1313
688 1751 815 1814 semper
838 1751 900 1794 una
920 1734 1094 1811 eademque
1110 1749 1158 1792 re·

183 1832 298 1890 manet.
331 1863 372 1874 -
396 1833 426 1890 2.
449 1831 600 1910 Objecto:
625 1833 680 1893 lus
704 1831 956 1893 ecclesiasticum
982 1830 1158 1908 spiritualia

183 1926 380 2001 moderatum
396 1927 447 2004 jus
465 1927 555 1988 civile
571 1927 702 2010 politica
715 1933 746 1990 31
754 1928 954 2006 temporalia.
969 1931 1045 1988 -3,
1063 1928 1155 1989 Fine:

182 2024 324 2085 Ecclesia
341 2023 512 2085 ordinatur
539 2026 579 2084 ad
604 2025 701 2086 finem
715 2026 1004 2103 supernaturalem
1025 2025 1159 2086 societas

146 2199 149 2205 Ι
181 2119 282 2182 civilis
292 2122 331 2180 ad
344 2122 442 2182 finem
454 2123 791 2184 naturalemProinde
800 2123 852 2202 jus
867 2122 1057 2184 canonicum
1069 2127 1160 2182 aeter·
1189 2200 1191 2203 ,
1264 2141 1273 2154 ·

180 2218 671 2281 namhominumbeatitudinem
689 2221 850 2298 praecipue
865 2225 1004 2298 spectat;
1020 2220 1071 2299 jus
1083 2237 1159 2280 vero

182 2314 273 2376 civile
291 2320 450 2376 terrenam
465 2317 650 2378 felicitatem
665 2317 804 2396 respicit.

220 2415 266 2476 Ex
289 2433 351 2493 quo
375 2415 492 2492 triplici
520 2415 705 2478 discrimine
734 2416 882 2495 proditur
905 2417 1010 2478 etiam
1040 2416 1159 2494 triplex

182 2529 285 2587 causa,
303 2511 512 2590 quamobrem
536 2513 588 2591 jus
602 2513 791 2575 canonicum
800 2514 865 2594 juri
880 2514 964 2576 civili
974 2513 1156 2575 antecellit:

180 2609 332 2669 nimirum
342 2609 469 2670 excellit
480 2609 602 2673 ratione
610 2612 774 2690 potestatis
792 2613 876 2672 unde
896 2617 1012 2686 manat,
1035 2611 1159 2672 ratione

181 2707 299 2787 objecti
310 2713 341 2768 et
352 2707 434 2768 finis.
450 2707 586 2770 'lantum
598 2710 716 2771 distant
723 2727 859 2772 canones
869 2727 887 2770 a
898 2710 1021 2788 legibus
1032 2707 1156 2782 mundi,

181 2809 333 2882 quantum
350 2821 472 2866 333133
487 2807 638 2882 profanis.

220 2905 367 2964 Attamen
389 2908 523 2982 utraque
548 2905 616 2966 haec
638 2904 710 2983 jura
723 2903 806 2966 inter
824 2906 1104 2978 3311313133311,
1121 2911 1159 2967 ut

180 3001 314 3061 alterum
341 3001 432 3062 alteri
461 3001 613 3062 auxilium
629 3007 770 3080 praestet.
788 3005 880 3066 Unde
903 3005 947 3066 ait
963 3005 1078 3066 Lucius
1092 3004 1154 3064 lll:

185 3118 199 3153 1
212 3096 301 3158 Sicut
321 3099 407 3175 leges
426 3098 558 3180 (civiles)
582 3117 646 3161 non
669 3088 880 3180 dedignantur
899 3119 1004 3162 sacros
1020 3117 1158 3162 canones

123 3217 128 3228 ·
180 3193 309 3267 imitari,
336 3195 381 3254 ita
405 3202 436 3257 et
463 3214 625 3259 sacrorum
653 3215 812 3260 canonum
836 3203 950 3261 statuta
973 3198 1158 3277 principum

179 3289 462 3354 constitutionibus
477 3295 674 3372 adjuvantur.
691 3319 705 3356 n

217 3390 349 3465 Insuper
361 3389 626 3470 inter'utrumque
633 3393 683 3471 jus
694 3393 861 3454 manifesta
877 3392 983 3455 existit
998 3393 1154 3472 analogia.
1220 3409 1224 3412 ·

179 3485 269 3548 Sicut
284 3485 364 3563 juris
384 3486 483 3547 civilis
499 3493 546 3547 est
562 3489 704 3566 positivis
720 3491 842 3569 legibus
851 3491 925 3569 ¹Jura
939 3495 969 3551 ct
988 3490 1156 3552 011131331-

178 3578 264 3639 vium
277 3578 501 3654 determinare,
518 3579 559 3642 ita
574 3582 725 3644 113313313
741 3583 915 3644 canonibus
924 3583 996 3662 jura
1007 3588 1040 3645 et
1051 3583 1157 3673 officia
