2620 4258
368 319 370 326 ¹
471 321 544 365 PARS
566 319 730 365 saucians
1035 320 1087 367 253

107 439 271 512 decorare,
288 439 467 500 factumest
484 442 519 499 ut
533 439 710 502 vicariatus
721 439 914 517 apostolicus
927 440 1006 518 ipsis
1016 441 1089 519 Epi-

107 552 281 614 scoporum
291 533 421 596 sedibus
431 535 827 614 perpetuoadneeteretur,
837 538 1016 614 atqueadeo
1025 554 1089 597 non

110 633 247 712 amplius
263 633 398 710 dignitas
413 632 601 711 personalis,
614 632 670 692 sed
681 630 774 693 realis
787 633 895 694 habita
910 640 968 695 est.

151 731 261 808 ltaque
274 730 382 808 Legati
396 730 463 792 nati
478 729 627 792 dicuntur
640 729 790 808 Episcopi
806 731 860 809 qui
875 731 968 826 pitulo
979 731 1091 794 Eccle-

1 835 2 839 ’
108 827 232 888 siarum
257 844 386 888 suarum
423 827 484 888 sibi
512 826 676 888 vindicant
697 827 863 906 legationis
891 829 1089 908 dignitatem.

113 927 215 998 Quam
229 917 424 1003 legationem
444 924 564 986 habere
585 930 755 986 censentur
766 926 917 1005 Episcopi
933 928 1094 990 Rhomen-

114 1025 172 1099 sis,
208 1025 414 1088 Bituricensis
442 1028 474 1085 et
499 1024 717 1102 Lugdunensis
746 1023 779 1084 in
810 1024 926 1099 Gallia;
956 1027 1095 1110 cantua-

26 1202 28 1206 .
113 1122 227 1184 riensis
245 1123 278 1183 in
293 1121 424 1200 Augila,
442 1123 477 1184 in
495 1123 663 1184 Germania
677 1122 942 1202 salisburgensis3
957 1122 991 1186 in
1006 1124 1096 1186 ltalia

113 1221 266 1297 Pisanus3
283 1219 316 1280 in
331 1221 482 1299 Hispania
498 1222 682 1283 Toletanus.

155 1318 291 1379 Nomine
310 1323 435 1382 tantum
459 1336 477 1378 a
505 1318 639 1382 Vicariis
667 1317 860 1396 Apostolicis
883 1317 1094 1394 differebant3
1143 1333 1149 1340 ’

112 1421 222 1476 tamen
235 1417 400 1477 facultates
416 1415 595 1478 habuerunt
610 1417 705 1495 paulo
723 1415 873 1487 minores,
892 1421 924 1476 et
941 1415 1098 1476 teneban-

111 1519 168 1574 tur
192 1514 317 1591 Legatis
338 1530 356 1572 a
375 1514 474 1574 latere
497 1513 603 1574 missis
618 1515 745 1574 cedere.
768 1514 1015 1590 AEquiparantur
1030 1511 1100 1572 Pri-

111 1611 271 1684 matibus,
298 1609 414 1687 quibus
429 1627 447 1669 a
464 1611 582 1672 saeculo
597 1627 638 1672 xv
651 1612 762 1672 titulus
784 1611 851 1671 sine
875 1613 1031 1688 potestate
1049 1625 1101 1671 re·

109 1708 214 1768 lictus
226 1711 285 1767 est.
673 1729 676 1736 ·

155 1805 196 1865 ll.
210 1803 413 1882 reputatae.
430 1837 471 1848 -
483 1803 555 1884 Jam
570 1809 643 1864 ante
653 1803 806 1864 saeculum
821 1817 864 1878 1x,
880 1807 997 1880 praeter
1012 1803 1101 1866 Vica-

112 1903 181 1962 rios
195 1900 397 1978 Apostolicos
422 1899 525 1961 stabili
545 1899 769 1978 jurisdictione
795 1901 945 1974 munitos,
966 1901 1101 1962 Romani

113 1998 288 2060 Pontifices
303 1999 399 2059 etiam
409 1996 605 2075 deputabant
619 1997 659 2056 ad
674 2001 801 2075 tempus
811 1999 945 2076 Legatos
960 2007 1102 2062 extraor-

111 2095 267 2169 dinarios,
295 2095 419 2173 quoties
440 2095 475 2156 id
490 2097 706 2174 opportunum
727 2093 951 2156 existimabant
971 2113 1030 2174 pro
1044 2114 1103 2159 ue·

112 2192 211 2272 gotiis
227 2193 356 2272 majoris
372 2191 527 2254 momenti
544 2192 787 2270 componendis.
813 2195 932 2255 Verum
949 2210 966 2253 a
984 2193 1101 2264 saeculo

113 2291 287 2352 undecimo
308 2290 540 2368 frequentiores
566 2294 731 2350 evaserunt
753 2289 824 2350 istae
848 2290 1036 2368 legationes,
1063 2310 1102 2354 eo

115 2390 205 2467 quod
227 2391 418 2466 Legatorum
446 2393 594 2448 natorum
610 2385 792 2465 jurisdictio
817 2389 958 2465 angustis
986 2391 1101 2450 linibus

115 2486 256 2549 coercita
268 2487 442 2560 videretur,
459 2501 564 2563 neque
579 2484 654 2545 satis
665 2488 747 2544 esset
761 2485 800 2543 ad
819 2484 934 2545 abusus
949 2487 1102 2564 temporis

113 2585 292 2646 tollendos.

158 2685 272 2744 Postea
292 2700 378 2758 vere,
407 2683 472 2744 sive
494 2683 569 2762 quia
590 2681 699 2760 Legati
716 2681 784 2742 nati
804 2679 1027 2759 jurisdictione
1048 2680 1106 2742 sua*
1144 2721 1146 2724 -

114 2779 365 2842 reclamantibus
379 2781 544 2859 Episcopis
565 2778 789 2854 abutebantur,
812 2777 875 2838 sive
891 2777 964 2855 quia
983 2778 1101 2838 Metro·

118 2877 231 2958 politae
245 2877 317 2938 illos
338 2894 421 2956 aegre
435 2877 590 2952 ferebant,
608 2878 672 2939 sive
688 2876 761 2956 quia
776 2875 948 2937 aemulandi
961 2873 1102 2936 studium

115 2976 269 3036 adversus
284 2974 450 3054 indigenos
465 2977 586 3054 legatos
600 2975 779 3053 provincias
791 2973 955 3047 invaserat,
970 2976 1103 3051 Aposto-

115 3071 183 3133 lica
204 3073 303 3134 Sedes
325 3070 397 3133 iniit
411 3073 586 3144 consilium¹
606 3072 755 3134 mittendi
772 3071 855 3134 viros
875 3070 1105 3145 exterosnulli'

115 3169 202 3248 parti
215 3169 371 3245 addictos,
389 3153 587 3248 principibus
602 3173 707 3248 gratos
731 3173 763 3230 et
776 3168 988 3231 ecclesiastica
1002 3167 1104 3248 digni-

115 3274 185 3330 tate
209 3268 377 3347 fulgentes,
404 3285 522 3345 eosque
544 3266 649 3329 stabili
673 3271 829 3348 potestate
847 3268 1013 3346 legationis
1030 3285 1102 3330 mu·

110 3365 237 3428 niendi.
246 3366 349 3428 Simili
362 3365 483 3427 ratione
495 3366 579 3447 apud
593 3365 765 3429 catholicas
776 3368 862 3427 aulas
875 3372 906 3428 et
922 3367 955 3428 in
967 3365 1102 3430 urbibus

4 3485 6 3544 y
115 3465 319 3544 principibus
334 3464 509 3526 ordinarias
520 3464 718 3527 nuntiaturas
733 3465 870 3528 instituit
887 3464 939 3547 (l).

152 3665 188 3724 (1)
197 3664 307 3727 Berardi,
316 3664 506 3716 Conameotara'u
519 3666 545 3715 ia
553 3665 600 3730 jus
611 3627 817 3728 ecclesiasticum,
833 3672 852 3714 t.
864 3667 885 3728 l,
896 3665 996 3716 dissert.
1008 3669 1032 3714 2.

246 3763 267 3806 l.
373 3761 378 3771 ’
951 3761 985 3807 fb
