2588 4272
620 647 782 738 LIBER
798 647 832 734 -Ι

1057 807 1071 846 6

429 877 483 946 DE
508 873 712 944 PERSONIS
737 870 956 938 EGGLESIAE
981 867 1025 960 (l)

276 1114 300 1176 Ι.
325 1096 432 1186 Quibus
446 1107 580 1191 personis
601 1106 735 1170 Ecclesia
755 1113 878 1166 constat.
895 1137 935 1152 -
949 1106 1040 1168 lesus
1059 1103 1211 1179 ChristuS,

235 1210 359 1289 generis
374 1208 503 1269 humani
520 1209 673 1280 Salvator,
690 1204 865 1283 baptizatos
884 1203 917 1262 in
940 1220 973 1264 se
994 1202 1161 1264 eredentes
1179 1203 1213 1262 in

234 1307 420 1369 societatem
445 1305 603 1366 visibilem
627 1302 778 1376 evocavit,
802 1318 856 1362 seu
878 1301 911 1360 in
936 1299 1098 1361 Ecclesiam
1118 1301 1213 1380 jussit

233 1405 422 1467 coalescere.
438 1405 584 1464 lamvero
602 1400 744 1462 Ecclesia
757 1397 947 1460 describitur
965 1397 1013 1458 :A
1035 1395 1153 1458 Christo
1168 1397 1215 1457 ia-

231 1503 337 1563 stituta
362 1502 479 1562 societas
495 1501 641 1562 caninum
655 1497 741 1559 caius
753 1496 826 1578 fidei
835 1494 1025 1577 professione,
1048 1493 1213 1555 eorumdem
1290 1503 1291 1580 t

230 1607 477 1661 sacramentorum
491 1598 698 1670 communione,
715 1593 755 1678 ad
766 1593 921 1654 Summum
935 1590 1111 1672 Pontificem
1124 1591 1213 1653 ulios-

230 1716 285 1776 que
298 1697 438 1778 lepitimcs
448 1705 581 1778 pastores
593 1694 769 1776 subjectione
780 1691 1009 1772 conjunctorum.

268 1795 314 1854 Ex
328 1795 388 1854 ista
403 1794 596 1868 definitione,
612 1809 728 1872 corpus
742 1789 894 1852 Ecclesia
906 1806 963 1868 per
977 1789 1075 1874 fidem
1090 1787 1212 1866 baptis·
1290 1809 1291 1852 t

229 1893 345 1953 malem
366 1893 529 1952 formatur.
554 1890 694 1950 Christus
708 1889 818 1963 voluit,
838 1893 873 1948 ut
887 1887 971 1948 illius
984 1887 1130 1948 membra
1151 1889 1211 1951 tri·
1290 1897 1291 1950 l

227 1989 304 2070 plici
328 1989 453 2050 vinculo
479 1987 594 2047 visibili
618 1991 896 2060 connecterentur,
915 1985 1052 2046 scilicet
1082 1989 1210 2065 proles·
1290 1985 1291 2076 J

227 2087 315 2148 sione
332 2087 474 2165 ejusdem
488 2085 573 2158 fidei,
588 2103 647 2144 usu
662 2086 848 2145 eorumdem
868 2071 1153 2161 sacramentoium,
1165 2090 1210 2148 et
1290 2079 1291 2104 ³

226 2183 421 2263 subjectione
439 2183 478 2243 ad
501 2187 642 2260 pastores
664 2182 822 2261 legitimos
846 2187 876 2244 et
897 2181 1076 2262 praesertim
1090 2184 1131 2242 ad
1147 2186 1209 2246 Ro-
1290 2185 1291 2194 ²

225 2279 356 2341 manum
371 2279 569 2341 Pontificem.
588 2280 636 2341 Ab
647 2283 687 2350 eo
698 2297 831 2360 corpore
846 2284 1034 2358 separantur
1045 2279 1204 2358 haeretici,

225 2377 417 2440 schismatici
445 2383 476 2439 et
500 2379 767 2440 excommunicati
792 2379 914 2440 ratione
945 2378 1129 2458 privationis
1156 2381 1205 2441 vel
1290 2415 1291 2420 κ

223 2475 427 2556 professionis
455 2476 541 2550 fidei,
566 2479 614 2538 vel
641 2477 892 2556 participationis
916 2483 1203 2556 sacramentorum,

222 2573 270 2650 vel
285 2572 543 2652 subjectionisad
560 2574 719 2652 legitimos
734 2575 889 2636 Pastores.

262 2672 299 2732 ll.
317 2671 428 2733 Divisio
440 2691 633 2753 personarum
646 2671 786 2734 Ecclesia
808 2672 839 2732 ia
859 2671 985 2748 elericos,
1008 2671 1095 2734 laicos
1111 2680 1141 2734 et
1172 2693 1203 2736 e-

219 2767 337 2848 pulares
354 2773 408 2848 (E).

260 2868 305 2927 Ex
327 2867 526 2930 institutione
550 2867 676 2944 Christi,
699 2887 813 2948 corpus
830 2869 982 2932 Ecclesia
996 2869 1203 2934 distribuitur
1290 2867 1291 2870 ’

219 2963 253 3022 in
267 2964 478 3027 hierarchiam
491 2971 523 3028 et
537 2967 657 3040 fideles,
675 2966 706 3026 id
723 2972 780 3040 est,
805 2985 948 3046 personae
966 2969 1151 3030 dividuntur
1165 2971 1200 3032 in

218 3061 352 3122 clericos
365 3069 396 3124 et
410 3062 517 3124 laicos
530 3061 639 3124 Clerici
648 3063 753 3124 divino
768 3065 866 3126 cultui
880 3071 911 3125 et
920 3066 1072 3127 Ecclesia
1086 3065 1200 3126 minis·

217 3158 298 3218 terio
311 3161 350 3220 ab
364 3160 522 3240 Episcopo
538 3178 595 3239 per
609 3161 843 3224 ordinationem
863 3163 983 3224 addicti
1007 3170 1080 3225 sunt
1092 3185 1104 3238 3
1118 3162 1199 3226 reli·

216 3255 271 3334 qui
285 3256 394 3317 fideles
408 3255 493 3318 Laici
504 3259 712 3336 appellantur.

248 3403 287 3468 (l)
299 3405 606 3470 lkvoti,Proleqomena.,
617 3423 675 3470 cap.
690 3407 929 3472 1.—Bellermin,de
936 3407 1056 3459 Membris
1065 3379 1195 3462 Erilesioe.

83 3491 86 3498 ’
133 3547 135 3553 Ι
247 3483 284 3550 (2)
296 3485 432 3536 Concilium
445 3487 628 3551 tridentinum,
638 3504 700 3540 sess.
718 3493 809 3552 XXIII,
820 3504 876 3552 cap.
899 3503 938 3544 tv,
953 3491 1107 3553 *audisio
1120 3493 1197 3543 orote

210 3555 528 3634 antecantamenta
548 3568 571 3618 1.
657 3589 658 3595 κ
690 3557 700 3577 ’
