2620 4258
488 255 561 300 rans
582 239 745 301 sarulsus.
1050 257 1103 304 aar

129 373 292 450 scopalem
311 391 383 452 quae
395 372 584 435 sacerdotali
596 372 794 451 praeminet,
820 371 903 435 sicut
926 374 1102 438 cardinales

128 476 278 550 superant
291 471 475 550 Episcopm,
492 469 566 549 quia
590 471 760 532 Summum
783 471 971 534 Pontificem
985 489 1103 553 reprae-

127 572 263 632 sentam.
280 570 348 631 lmo
368 568 572 649 presbyteros
584 567 751 647 judicabat
764 567 1016 630 Archidiaconus
1030 575 1102 632 tan·

125 681 221 743 quam
237 665 395 728 officialis.
436 705 443 724 ,
503 677 507 703 ¹

161 767 192 825 2.
207 764 443 840 Archidiaconi,
455 765 539 827 siout
549 769 662 842 postea
678 762 790 826 Wrorii
796 764 953 845 qma-cles,
964 763 1099 826 instituti

122 863 243 924 suntad
265 863 521 941 jurisdictionem
536 863 724 942 generaliter
743 864 964 925 exercendam.
982 865 1100 925 Verum

121 959 205 1022 inter
226 977 278 1022 eos
298 961 414 1040 duplex
439 955 814 1040 discrimenagnosc'itur
832 961 966 1036 :Praina
986 976 1099 1022 munus

122 1057 377 1121 archidiaconale
392 1064 458 1121 erat
474 1063 677 1138 perpetuum,
702 1059 780 1119 dum
793 1058 929 1120 vicarius
946 1058 1101 1138 generalis

123 1159 171 1220 est
196 1156 394 1218 revocabilis.
421 1155 563 1230 Secundo,
592 1156 752 1218 diversum
774 1155 813 1216 ab
842 1155 1015 1234 episcopali
1042 1155 1101 1217 luit

121 1252 418 1316 archidiaconorum
429 1255 587 1328 tribunal3
605 1255 725 1332 idoque
741 1253 780 1314 ab
793 1253 922 1316 illorum
937 1253 1100 1316 sententiis

122 1337 345 1429 appellabatur
353 1353 392 1412 ad
406 1353 611 1432 Episcopum,
624 1354 701 1412 dum
711 1357 800 1414 actus
813 1351 932 1415 vicarii
946 1351 1100 1432 generalis

122 1455 293 1511 censentur
303 1455 391 1512 actus
405 1450 503 1528 ipsius
521 1450 685 1529 Episcopi.

160 1547 190 1606 3.
209 1546 256 1606 Ab
271 1546 363 1607 initio
376 1552 515 1625 potestas
523 1546 787 1608 archidiaconalis
800 1551 867 1608 erat
876 1547 1030 1625 delegata,
1042 1550 1100 1607 eta

121 1642 274 1704 mandato
284 1643 433 1723 Episcopi
448 1643 625 1722 pendebat3
644 1644 760 1704 deinde
774 1661 849 1705 vero
859 1643 938 1705 abiit
950 1643 982 1704 in
991 1649 1099 1722 potes·

121 1740 1101 1820 tatemordinariam,etinperpetuamdignitatemtitulohene-

120 1836 216 1898 liciali
238 1839 408 1901 adnexam.
435 1837 673 1913 Archidiaeoni,
702 1840 914 1918 perpetuitate
930 1839 1012 1914 freti,
1042 1855 1098 1902 sua

120 1933 256 1995 elatione
269 1940 301 1996 et
315 1935 489 1998 acerbitate
502 1938 696 1998 devenerunt
710 1936 743 1996 in
757 1937 898 1999 exitiales
910 1935 1043 2012 abusus;
1060 1953 1099 1998 eo
1181 1937 1182 1941 ’

120 2048 218 2110 usque
243 2032 399 2111 progressi
420 2037 505 2106 sunt,
532 2038 567 2094 ut
584 2032 770 2094 invaderent
785 2034 857 2113 jura
881 2052 950 2113 quae
969 2033 1099 2112 propria

120 2130 208 2190 erant
230 2128 473 2207 Episcoporum.
497 2130 546 2190 Ad
563 2131 771 2209 minuendam
792 2133 960 2194 molestam
986 2147 1098 2192 eorum

120 2231 320 2304 potestatem,
339 2226 489 2304 Episcopi
501 2227 706 2289 instituerunt
718 2228 860 2290 vicarios
880 2228 1043 2308 generales
1058 2229 1098 2288 ad

120 2328 232 2384 nutum
255 2322 464 2386 revocabiles.
490 2324 646 2384 Paulatim
659 2325 693 2384 in
717 2325 860 2390 conciliis
880 2326 1026 2388 restricta
1039 2324 1099 2386 luit

120 2421 428 2482 Archidiaconorum
448 2420 631 2494 auctoritas,
657 2421 759 2482 donec
777 2421 810 2480 in
822 2422 972 2483 Ecclesiis
987 2423 1097 2485 cathe-

120 2516 260 2578 dralibus
275 2518 428 2579 remansit
447 2518 531 2579 solus
545 2516 656 2578 titulus
673 2517 722 2578 vel
738 2517 832 2578 etiam
847 2535 967 2581 nornen
981 2517 1096 2579 Archi-

119 2615 317 2677 diaconatus

320 2819 343 2864 2.
355 2815 494 2866 vicariatus
508 2816 630 2878 generalis
643 2815 710 2865 notio
721 2822 747 2864 et
762 2815 896 2866 institutio.
967 2795 969 2800 ,

159 3001 301 3063 Vicarius
314 3001 469 3080 generalis
481 3001 630 3063 definitur
647 3022 653 3064 :
668 3002 787 3064 olardus
796 3001 953 3084 deputatus
964 2999 1005 3061 ud
1014 3019 1096 3061 ecer-

120 3097 236 3160 ceodum
257 3097 428 3180 generaliter
449 3098 628 3160 ordinarium
650 3101 883 3182 jurisdictionem
910 3098 1095 3180 episcopalem

121 3196 179 3258 vtae
191 3195 338 3276 Episcopi,
353 3194 396 3254 ita
410 3204 533 3258 attactus
545 3197 637 3278 ipsius
646 3207 813 3260 censeantur
827 3206 909 3259 oetas
925 3195 1076 3276 Episcopi.

159 3293 187 3355 l.
203 3291 290 3352 Illius
304 3290 456 3352 institutio.
483 3325 523 3338 —
543 3293 660 3354 Vicarii
684 3293 839 3372 generalis
863 3291 1094 3354 institutionem

122 3390 262 3468 plerique
274 3390 417 3450 referunt
428 3389 570 3452 Concilio
584 3391 786 3452 lateranensi
798 3392 850 3465 IV,
866 3390 928 3473 ubis
939 3391 1096 3453 Innocen-

14 3515 15 3568 l
122 3486 180 3548 tius
192 3488 234 3548 Ill
246 3485 421 3566 Episcopos
433 3485 576 3548 hortatus
595 3493 652 3563 ast,
675 3492 710 3550 ut
725 3487 750 3548 si
768 3491 869 3553 totam
883 3488 1093 3567 Episcopatus

14 3595 15 3598 ’
122 3584 274 3646 sarcinam
297 3583 358 3662 ipsi
387 3583 558 3662 nequirent
579 3585 745 3662 sustinere,
769 3586 928 3666 adjutores
949 3585 1009 3648 sibi
1032 3584 1092 3646 ad-
