2620 4258
219 147 269 194 ass
384 145 540 192 anrosrrro
562 143 739 190 uaruoorcs
760 115 842 189 runis
864 143 1019 190 cruorum.

202 265 270 326 fsiae
288 263 488 337 firmandam,
512 261 757 324 controvertitur
780 275 820 320 an
853 260 1021 322 habuerint
1046 261 1199 322 stabilem

214 365 352 441 aliquam
372 359 642 440 jurisdictionem.
666 361 777 420 «Rara
793 375 859 420 non
885 358 1202 436 eratApocrisiario-

214 457 486 538 rumjurisdictio,
501 455 1201 534 exThomassinisententiam)...Exeodam
1307 477 1308 480 ¹

214 556 435 632 Thomassino‚
462 555 542 616 adeo
560 553 662 616 tenuis
691 559 723 616 et
748 554 861 633 exigua
887 571 952 614 non
977 559 1049 614 erat
1063 553 1198 614 iliorum

210 653 403 734 jurisdictio,
429 669 504 716 cum
524 669 579 714 eos
603 653 764 730 delegatos
782 652 911 727 reserat,
933 652 972 710 ad
991 650 1198 728 disciplinam

213 753 246 814 in
265 750 437 832 provinciis
461 749 728 828 reintegrandam,
756 751 796 810 ad
818 749 1004 810 servandam
1032 765 1196 812 canonum

215 849 404 923 custodiam,
433 865 496 908 uno
518 845 625 923 verbo,
652 848 692 908 ad
713 864 884 925 personam
906 849 1000 925 Papae
1018 863 1198 925 repraesen-

214 946 449 1025 tandam(b).u
548 1001 551 1008 ,
596 1003 598 1010 ,
704 999 708 1006 ,
759 1001 773 1009 ,,
912 1003 916 1010 ,
1042 995 1045 1005 ,

251 1046 290 1106 ΙΙ.
313 1043 423 1105 Veteres
444 1041 551 1104 Vitorii
560 1043 720 1124 apostolici.
744 1045 791 1104 Ita
809 1042 888 1106 dieti
900 1047 973 1104 sunt
986 1042 1132 1104 nonnulli
1150 1044 1196 1104 oi-

213 1142 346 1210 vitatum
358 1141 582 1220 spectabilium
592 1141 752 1220 Episcopi,
767 1139 882 1220 quibus
897 1140 1081 1220 Apostolica
1095 1141 1196 1202 Sedes

212 1255 326 1300 munus
341 1238 508 1316 legationis
523 1238 645 1300 stabilis
656 1237 894 1312 committebam
914 1239 1015 1316 qualis
1028 1238 1087 1298 luit
1100 1238 1196 1300 Vica-

113 1401 115 1408 ,
211 1337 309 1398 riatus
324 1335 613 1398 'thessalonicensis
626 1335 659 1396 in
671 1337 809 1416 Illyrico,
829 1336 1019 1402 Arelatensis
1029 1335 1063 1396 in
1075 1337 1193 1400 Gallia.

212 1435 343 1496 litorum
360 1434 518 1496 institutio
540 1434 606 1512 jam
631 1433 670 1494 ab
686 1434 816 1496 ineunte
842 1436 959 1495 saeculo
973 1451 992 1496 v
1009 1433 1114 1496 habita
1129 1435 1194 1497 fuit

211 1539 363 1610 tanquam
378 1533 509 1610 antiqua
524 1531 675 1594 Ecclesiae
689 1531 868 1610 disciplina.

249 1630 377 1710 Origine
391 1631 559 1710 patefacta,
580 1635 724 1709 superest
746 1635 781 1690 ut
799 1630 961 1691 videamus
982 1630 1066 1710 quali
1081 1637 1194 1710 potes—

211 1731 276 1788 tate
290 1727 446 1788 stabiliter
464 1726 699 1788 muniebantur.
718 1727 794 1788 Jure
816 1727 983 1806 legationis
1000 1728 1193 1790 exercebant

207 1824 465 1902 jurisdictionem
492 1841 587 1900 supra
608 1824 728 1886 vicinos
749 1825 934 1903 Episcopos,
956 1844 984 1886 v.
1001 1843 1027 1904 g.
1054 1826 1212 1907 facultay

209 1928 275 1980 tem
287 1920 434 1980 visitandi
448 1921 615 1996 Ecclesiam,
630 1921 798 1981 ordinandi
811 1923 1037 2000 Metropolitas
1050 1923 1192 1984 concilia

209 2017 417 2090 convocandi,
434 2017 592 2078 referendi
613 2019 654 2078 ad
673 2019 822 2080 Sanctam
836 2021 952 2082 Sedem
976 2022 1015 2082 de
1036 2023 1191 2104 statch-

209 2113 387 2190 clesiarum,
405 2119 437 2175 et
445 2113 612 2194 judicandi
623 2115 776 2194 plurimas
791 2135 910 2180 causas.
924 2119 1087 2198 Ejusmodi
1101 2121 1193 2200 lega-

207 2213 265 2289 tio,
283 2230 353 2290 quae
368 2211 460 2275 initio
476 2213 727 2276 extraordinaria
747 2215 859 2292 luerat,
883 2235 901 2276 a
915 2217 1119 2280 Pontificibus
1132 2236 1191 2280 re-

208 2315 331 2386 novata,
347 2309 444 2372 erasit
460 2311 619 2372 ordinaria
634 2311 686 2391 (3).
941 2301 944 2306 ’

266 2585 271 2594 ,
321 2511 345 2558 2.
357 2508 472 2558 Secunda
485 2509 621 2570 periodus:
636 2510 797 2574 Legati-noli
806 2520 831 2561 et
845 2503 934 2576 L'epcti
945 2514 1017 2562 missi
1028 2513 1073 2575 (t).

246 2667 270 2726 Ι.
285 2653 482 2745 Legati-uoti.
501 2665 673 2726 -Eorum
697 2667 854 2730 institutio
871 2667 992 2746 vigebat
1007 2671 1188 2748 presertim

209 2765 356 2824 asaeeulo
375 2779 406 2823 rx
426 2779 527 2842 usque
550 2765 590 2824 ad
612 2765 764 2826 seculum
784 2779 835 2828 xv.
852 2767 982 2828 Suffecti
1002 2768 1121 2829 suntin
1136 2769 1188 2830 lo-

207 2875 281 2926 cum
306 2861 507 2924 vicariorum
533 2855 802 2952 Apostolicorum,
829 2879 872 2926 'ex
892 2865 1007 2946 quibus
1022 2865 1188 2946 originem

206 2979 294 3022 suam
312 2961 481 3022 duxerunt.
502 2961 581 3021 Cum
601 2961 688 3022 enim
703 2961 837 3025 Romani
850 2949 1020 3027 Pontifices
1044 2966 1188 3029 solerent

180 3086 183 3092 ·
204 3058 464 3139 Metropolitanos
473 3063 569 3120 certae
584 3060 747 3138 cujusdam
756 3061 839 3123 sedis
849 3078 979 3124 munere
991 3065 1189 3143 Legatornm

235 3237 269 3294 tl)
278 3235 467 3295 thomassinus,
483 3235 557 3286 Vetus
569 3237 594 3286 at
603 3237 678 3288 Noua
684 3237 802 3290 Ecclesiae
816 3239 965 3303 Disciplina,
978 3247 995 3288 t.
1012 3241 1032 3302 l,
1046 3242 1092 3296 lib.
1109 3243 1142 3294 11.

233 3315 265 3374 (t)
279 3314 318 3366 Pii
331 3307 759 3380 v1nespoleosaperaunctaturo
772 3319 926 3384 apostolicis,
938 3335 992 3384 cap.
1008 3335 1061 3372 vru.

235 3391 271 3454 (3)
282 3393 370 3452 Bonis,
386 3393 418 3442 da
433 3393 511 3452 Curia
522 3411 639 3458 romana,
651 3411 709 3460 pars
722 3397 761 3450 IV.

235 3469 442 3532 ttlDecretalium
451 3475 494 3528 lib.
511 3478 531 3539 1,
541 3477 581 3528 tlt.
602 3481 642 3540 ³0,
654 3479 686 3528 de
697 3478 785 3542 Officio
796 3479 885 3546 Iapeti.
