2620 4258
215 203 268 250 262
287 237 289 241 ,
381 203 539 250 EXPOSITIO
560 203 738 254 unfflonlcn
759 202 842 248 tulis
865 202 1020 249 callorum.

213 323 369 402 synodum
393 337 578 396 convocare,
599 337 704 400 neque
725 324 916 382 concursum
933 322 974 382 ad
993 321 1200 400 parochiales

213 421 362 482 ecclesias
384 421 539 496 indicere,
567 436 673 498 neque
694 419 818 482 clericis
843 418 1046 482 saecularibus
1066 421 1201 483 litteras

211 520 405 582 dimissorias
417 521 605 582 concedere.

250 619 302 680 lll.
324 618 470 691 Quamvis
487 617 661 697 episcopali
679 617 862 681 charactere
875 635 941 678 non
955 617 1019 678 sint
1033 617 1196 694 insigniti,

211 718 318 776 tamen
345 715 531 794 dignitatem
555 713 770 793 episcopalem
794 714 890 776 etiam
916 713 1038 775 ratione
1067 713 1200 775 ordinis

211 811 385 874 imitantur.
401 812 662 874 Nimirum'multi
675 811 802 874 Praelati
815 811 984 890 regulares,
1001 812 1055 890 qui
1070 813 1199 874 suntin
1303 815 1304 848 ³

211 911 389 974 sacerdotio
402 897 432 972 et
446 912 623 973 solemnem
635 911 674 972 ab
689 909 848 988 Episcopo
864 909 1123 973 benedictionem
1136 927 1201 972 ac-

211 1013 375 1086 ceperunt,
390 1009 454 1068 suis
464 1008 599 1070 subditis
609 1007 805 1087 regularibus
818 1006 957 1068 minores
969 1008 1098 1068 ordines
1110 1024 1200 1069 con-

211 1105 325 1179 lerunt,
345 1104 540 1168 benedicunt
557 1104 753 1180 solemniter,
774 1109 898 1183 gestant
912 1104 1049 1184 insignia
1065 1106 1199 1183 episeo-

211 1202 293 1279 palia
308 1201 359 1283 (l).

616 1361 745 1422 carun
764 1361 791 1422 11
834 1343 835 1346 ‘

314 1538 316 1540 ’
408 1530 456 1579 lle
468 1531 626 1590 Episcopo
637 1537 670 1580 et
683 1532 757 1589 esu·
767 1531 991 1588 adjutoribus.

244 1701 309 1754 dar.
332 1700 353 1754 l.
375 1700 414 1754 lle
434 1699 582 1771 Episcopo.

243 1791 310 1844 Aur.
325 1790 358 1844 ll.
374 1790 414 1842 De
426 1787 605 1860 adjutoribus
619 1787 760 1860 Episcopi.

572 1994 792 2050 ARTICULUS
810 1997 824 2050 1

607 2158 641 2196 nn
660 2159 791 2201 miscere.

361 2313 560 2363 Prooemium-
576 2315 690 2382 Dignitas
703 2318 850 2382 episcopalis
864 2320 889 2369 io
899 2333 989 2384 genere
1003 2323 1046 2382 (2).

248 2465 397 2546 Episcopi
413 2468 597 2548 (Principes,
615 2473 779 2548 presules,
796 2474 977 2548 Pontifices,
995 2475 1118 2538 Summi
1132 2478 1196 2538 Sa·

208 2563 366 2640 cerdotes,
382 2565 569 2643 Dioecesani,
587 2568 755 2647 Ordinarii,
777 2572 932 2652 Pastores)
946 2579 1019 2634 sunt
1030 2573 1197 2636 antistites

209 2661 415 2724 ecclesiastici
432 2665 497 2743 qui,
515 2666 683 2728 sacerdotii
696 2668 931 2745 plenitudinem
945 2671 1139 2748 obtinentes,
1158 2673 1198 2734 in

208 2758 315 2820 locum
341 2762 568 2838 Apostolorum
597 2765 783 2841 succedunt,
812 2771 844 2828 et
866 2769 1010 2848 regimen
1034 2770 1198 2832 Ecclesiae

207 2855 398 2936 participant
411 2859 474 2920 sive
484 2866 637 2938 quatenns
649 2881 712 2924 una
724 2880 799 2924 cum
809 2865 963 2928 Pontifioe
978 2869 1123 2930 Romano
1134 2870 1199 2930 do·

140 2993 144 2999 ι
208 2959 334 3017 centem
348 2971 402 3016 seu
415 2963 577 3035 regentem
589 2961 766 3022 Ecclesiam
781 2961 933 3041 efficiunt,
950 2965 1014 3026 sive
1030 2971 1197 3045 quatenus

208 3052 338 3132 singulis
354 3053 543 3117 dioecesibus
564 3056 623 3118 sub
641 3059 795 3121 Pontifice
813 3063 1034 3139 preficiuntur
1054 3081 1197 3127 munere

208 3149 377 3212 ordinario.
399 3153 542 3216 Definitio
556 3155 730 3234 explicatur
744 3178 752 3219 :

237 3317 269 3376 (l)
280 3321 406 3372 Benedicti
419 3325 474 3376 xlv
485 3327 570 3377 const.
583 3326 740 3390 Apostolieoe.
753 3353 784 3364 -
796 3329 881 3380 const.
899 3329 966 3380 later
982 3331 1075 3382 mulla.

245 3399 269 3456 2)
281 3397 406 3463 Ballerinl,
421 3404 453 3453 de
467 3405 594 3456 Potestate
607 3407 787 3470 ecelesiastica,
800 3423 854 3472 cap.
870 3423 921 3460 1.-
936 3411 1061 3475 lactaria,
1079 3413 1194 3479 Antisc-

206 3473 308 3525 bronius
319 3480 466 3546 vindicatus,
481 3497 540 3546 pars
549 3488 569 3547 l,
580 3487 678 3538 dissert.
692 3491 763 3538 ll.-
772 3490 883 3554 Berardi,
895 3491 1086 3543 Commentario
1101 3495 1129 3544 in
1139 3496 1196 3560 jus

207 3557 409 3622 ecclesiasticum,
421 3568 442 3614 t.
464 3564 482 3625 l,
493 3565 591 3619 dissert.
605 3571 628 3618 l.
640 3593 668 3608 ·-
683 3570 768 3633 Bouix,
781 3569 813 3620 de
827 3571 958 3636 Episcopo,
969 3579 990 3622 t.
1006 3574 1026 3635 l,
1041 3586 1101 3635 pars
1117 3575 1138 3626 l.
