2588 4272
290 669 463 788 PARS
504 670 852 795 SPECIALIS

481 951 666 1000 nusculuuus

149 1147 335 1212 suAuuM
363 1147 593 1211 EGCLES'IAE
619 1152 764 1215 Juxun
790 1155 998 1220 CANONES

476 1379 677 1391 ---.-..-....-

124 1583 141 1644 J
146 1600 180 1644 us
196 1579 386 1644 canonicum
401 1581 555 1662 objective
571 1587 751 1662 spectatum
774 1588 821 1646 est
843 1585 1007 1667 complexas
1023 1585 1036 1648 l
1050 1623 1063 1634 -

89 1701 154 1760 qam
167 1680 271 1761 quibas
284 1677 438 1758 ordiantur
457 1679 516 1740 vita
535 1679 567 1742 E
567 1680 676 1742 eclesia
686 1689 825 1762 tanquam
838 1683 982 1744 sacietatis
994 1683 1062 1745 visi-

92 1777 218 1858 tilisll).
1062 1787 1065 1794 '

123 1877 270 1938 lamvero
285 1892 322 1938 ex
335 1876 494 1938 voluntate
507 1874 632 1950 Christi,
652 1875 703 1938 cui
714 1876 767 1956 jus
780 1875 945 1957 publicum
961 1881 1064 1942 eccle·
1129 1904 1131 1908 ’

89 1971 246 2035 siasticum
266 1973 421 2048 innititur,
440 1979 540 2035 status
552 1974 702 2035 Ecclesiae
718 1975 948 2037 determinatur
960 1978 1063 2056 tripli-

89 2072 174 2146 citer,
191 2072 256 2132 sive
269 2077 415 2150 respectu
435 2071 549 2150 gradus
572 2089 668 2150 quem
692 2073 817 2136 obtinet
835 2074 977 2136 Ecclesia
997 2093 1064 2154 prae

89 2170 208 2232 caeteris
220 2167 435 2242 societatibus
450 2169 514 2230 sive
528 2174 676 2246 respectu
685 2169 844 2230 mediorum
856 2172 970 2250 quibus
981 2190 1063 2250 prae·

89 2269 153 2329 dita
166 2273 224 2343 est,
242 2267 306 2328 sive
322 2271 468 2346 respectu
476 2285 667 2348 personarum
681 2267 715 2326 in
727 2267 843 2346 quibus
857 2275 996 2346 potestas
1011 2286 1064 2332 eo-

87 2365 261 2428 elesiastion
275 2364 392 2426 residet
409 2363 461 2444 (E).

126 2465 215 2536 Quod
227 2463 340 2526 attinet
351 2462 389 2522 ad
405 2459 552 2522 ordinem
565 2477 627 2539 quo
638 2459 707 2522 haec
720 2459 782 2522 tria
795 2463 966 2524 evolvenda
978 2467 1061 2538 sunt,

86 2567 253 2642 antequam
271 2561 491 2641 aggrediamur
506 2567 642 2620 celerans
659 2558 811 2620 relationes
824 2561 975 2622 Ecclesiae
991 2577 1064 2622 oum

87 2660 288 2722 societatibus
297 2657 451 2732 civilibus,
465 2657 625 2718 internum
636 2656 778 2734 regimen
789 2657 949 2740 societatis
965 2658 1066 2719 chris-

85 2757 180 2820 tianae
200 2756 415 2831 constituitur,
438 2759 507 2815 tum
527 2752 711 2814 discrimine
728 2772 924 2834 personarum
948 2753 1065 2832 quibus

86 2855 157 2934 ipsa
176 2860 309 2930 constat,
333 2859 400 2916 tum
415 2851 681 2914 determinatione
697 2850 857 2912 medianam
876 2851 991 2932 quihus
1005 2854 1066 2914 Ec·

86 2953 184 3014 olesia
201 2953 311 3015 utitur.

121 3087 204 3142 Lmen
219 3087 241 3144 1.
278 3087 318 3142 De
333 3085 462 3158 personis
477 3083 621 3142 Ecclesiae.

120 3177 202 3232 Linon
217 3178 252 3232 ll.
276 3177 317 3232 Ee
328 3175 432 3232 mediis
446 3174 552 3246 quibus
565 3171 689 3230 Ecclesia
702 3171 805 3228 ulitur.

121 3265 205 3320 Lmen
217 3264 314 3320 lll.De
335 3261 526 3320 relationibus
543 3260 677 3316 Ecclesiae
699 3275 768 3316 oum
791 3255 975 3318 societatibus
996 3258 1065 3319 civi-

88 3353 184 3426 libus„

120 3505 159 3572 (1)
169 3507 259 3570 Supra,
274 3505 451 3567 Praetutianus,
465 3504 480 3570 ξ
497 3509 522 3558 t.

118 3585 158 3651 (2)
166 3587 293 3650 Tarquini,
307 3589 480 3639 Institutioaes
487 3581 561 3652 juris
570 3580 729 3637 etckslastict’
737 3577 842 3650 publici,
855 3595 880 3648 p.
894 3587 919 3637 2.
