2588 4272
209 226 244 274 Bi
386 221 542 270 nxrosmo
564 219 742 268 nnnncmoa
762 221 846 270 Jnnls
865 220 1021 268 canorum.

207 340 383 404 Ecclesiam
399 355 466 401 esse
483 339 620 413 hostem,
634 341 805 400 utcontra
823 354 894 399 eam
919 344 1038 399 caveant
1057 337 1188 400 conada

207 458 249 502 ne
264 438 397 502 societas
415 437 516 500 civilis
532 435 760 498 detrimentum
775 435 941 514 patiatur?

248 538 357 616 Itaque
372 536 529 598 Placitum
550 538 597 596 est
611 533 704 596 scetus
718 533 933 613 politicorum,
962 533 1017 613 qui
1031 534 1185 595 adulandi

209 634 316 697 studio
332 635 472 714 pericula
489 634 620 712 lingunt,
639 636 722 693 etex
740 632 857 693 invidia
874 632 1036 722 principes
1049 631 1186 694 incitant

209 734 249 794 ad
264 732 444 794 libertatem
456 731 605 794 Ecclesiae
620 731 854 792 coarctandam.

248 833 277 892 3.
295 830 410 892 Dicunt
434 829 558 908 objecta
581 829 688 907 legum
710 845 778 889 esse
797 829 908 890 eadem
929 829 964 889 in
987 829 1077 890 Statu
1098 832 1130 892 et
1153 827 1189 888 in

209 927 368 1003 Ecclesia3
382 927 517 1006 proinde
526 926 715 1006 gubernium
727 925 824 988 habet
832 926 882 1008 jus
894 926 1023 989 videndi
1038 925 1114 1007 quid
1127 927 1190 988 Ec-

209 1027 305 1089 clesia
321 1025 441 1088 statuit.

249 1123 339 1205 Reap.
349 1122 479 1186 Materia
491 1123 597 1202 legum
611 1123 775 1204 utriusque
790 1123 950 1186 societatis
961 1127 1081 1186 nonest
1091 1121 1190 1184 meato

209 1221 322 1284 stricto
346 1239 448 1283 sensu.
475 1221 601 1284 Etenim
625 1221 786 1300 objectum
801 1222 879 1302 legis
896 1221 1118 1284 ecclesiasticae
1140 1227 1191 1284 est

211 1319 283 1380 finis
307 1319 552 1398 supernaturalis
572 1319 635 1380 vita
660 1318 832 1381 christiana
856 1319 1074 1394 obtinendns3
1101 1321 1189 1400 leges

210 1435 285 1479 vero
300 1417 408 1479 civiles
423 1421 586 1479 versantur
598 1416 682 1479 circa
692 1434 742 1478 res
754 1417 900 1496 prolanas
914 1417 1030 1478 civium
1038 1417 1077 1477 ad
1092 1417 1191 1478 finem

210 1517 387 1578 naturalem
407 1517 679 1596 consequendum.
702 1516 839 1578 Proinde
858 1517 942 1596 leges
963 1516 1190 1580 ecclesiastica

140 1668 143 1674 .
212 1620 243 1678 et
255 1615 362 1677 civiles
375 1632 440 1676 non
451 1613 570 1676 habent
584 1613 746 1693 objectum
760 1631 943 1677 commune.

252 1714 335 1792 Ergo
349 1712 503 1776 neoterici
523 1717 712 1792 potestatem
726 1713 891 1791 politicam
901 1715 986 1776 ultra
997 1715 1076 1782 lines
1090 1712 1192 1795 ipsius

214 1810 400 1876 extendunt.

214 2003 260 2058 ΙΙΙ.
278 2029 308 2044 -
319 2006 408 2070 Utrum
418 2001 550 2068 pontificia
560 2003 626 2064 lagos
640 2001 767 2067 indigeant
777 1977 945 2070 acceptatione
953 2007 1132 2073 Episcopornm
1144 2007 1194 2071 (il.

254 2165 377 2244 Duplex
389 2164 521 2244 qnaestio
532 2161 748 2244 distinguitur,
762 2165 823 2227 alia
825 2167 919 2247 juris,
926 2184 1042 2246 nempe
1056 2185 1096 2229 an
1107 2169 1207 2230 Pon-¹

214 2267 291 2330 tifex
307 2263 408 2344 possit
430 2263 552 2344 legibus
577 2263 641 2325 suis
664 2263 805 2343 obligare
826 2264 944 2344 absque
959 2266 1195 2346 Episcoporum

215 2363 434 2443 acceptatione
450 2382 457 2437 ;
479 2363 576 2424 altera
585 2361 669 2443 sacti,
684 2379 799 2443 nempe
812 2368 918 2424 utrum
934 2381 969 2424 ea
989 2364 1029 2426 sit
1048 2366 1194 2428 voluntas

215 2461 391 2536 Pontificis‚
415 2466 451 2522 ut
462 2478 572 2523 omnes
591 2461 676 2540 leges
692 2461 910 2540 disciplinares
925 2461 1032 2524 statim
1048 2463 1194 2542 obligent

216 2566 384 2640 antequam
401 2565 617 2639 acceptentur.

254 2661 278 2722 1.
298 2657 423 2734 Quaestio
436 2657 529 2740 juris.
550 2689 589 2704 -
613 2655 755 2718 Summus
774 2656 920 2738 Pontifex
936 2657 1091 2740 potestat
1110 2657 1194 2736 velit,

216 2755 325 2838 lepidus
337 2757 396 2817 suis
412 2756 541 2837 oblipore
556 2755 662 2838 absque
677 2756 895 2838 Epc'sccporom
916 2757 1116 2838 occeptotaoae.
1131 2759 1197 2818 Ra-

215 2855 262 2916 tio
280 2859 338 2929 est‚
353 2853 427 2932 quia
441 2853 586 2915 Pontifici
599 2855 753 2933 competit
767 2854 897 2934 legifera
911 2858 1051 2934 potestas
1070 2855 1103 2914 in
1120 2855 1197 2936 uni-

191 3007 193 3012 .
217 2970 338 3014 versam
351 2952 537 3014 Ecclesiam.
556 2953 653 3031 Atqui
668 2957 806 3032 potestas
827 2953 950 3014 terendi
969 2953 1055 3033 leges
1077 2952 1196 3032 quibus

202 3067 280 3125 ¹non
299 3050 515 3130 obligarentur
528 3050 589 3110 nisi
603 3052 849 3128 consentientes,
865 3069 931 3114 non
949 3056 1032 3114 esset
1045 3069 1119 3113 vcra
1132 3069 1196 3132 po·

216 3153 312 3210 testas
330 3148 514 3226 legislativa.

258 3247 326 3307 Huc
338 3237 499 3324 pertinent
512 3249 581 3308 tum
595 3245 690 3308 verba
702 3245 817 3326 quihus
832 3247 972 3310 Christus
984 3249 1079 3311 Petro
1093 3245 1199 3309 illius·

250 3427 282 3488 tl)
293 3425 380 3483 Bonis,
392 3427 426 3476 De
435 3429 571 3494 principiis
577 3431 650 3494 juris
660 3433 779 3496 canonici,
790 3446 848 3496 para
860 3433 892 3495 ll,
908 3439 971 3484 sect.
987 3434 1020 3494 ll,
1041 3446 1098 3494 cap.
1118 3446 1145 3482 v.
1164 3460 1198 3469 —

215 3506 572 3650 ffigliftlgfftffomjm
579 3510 686 3576 publici,
696 3526 756 3575 para
768 3513 788 3576 1,
800 3513 815 3576 ς
829 3515 869 3564 2⁵.
879 3539 910 3550 -
925 3515 1026 3576 Suarez,
1039 3515 1074 3564 lic
1084 3511 1201 3576 leptim,

255 3627 262 3642 .
315 3623 324 3650 ‚
382 3623 389 3638 .
432 3623 440 3640 .
