2588 4272
244 291 294 346 tot
408 291 564 344 Expostulo
586 291 761 342 pannonica
782 291 864 344 tulus
886 297 1040 348 certorum.

599 518 818 576 ARTICULUS
836 523 850 578 1

502 702 536 742 nu
548 701 694 741 cnuouraus
706 701 890 741 arosroeonurr
905 689 952 757 (l).

278 865 303 926 l.
318 865 436 926 Eorum
449 861 759 926 autdmticitosdudic.
770 896 808 908 -
818 861 891 925 lllos
906 865 1064 942 Apostolis
1073 867 1215 928 adscribi

238 981 304 1024 non
318 980 421 1042 posse,
436 961 580 1041 pluribus
594 960 787 1040 argumentis
800 959 971 1038 probatur:

278 1064 308 1122 l.
326 1062 418 1121 Nulla
430 1076 541 1121 eorum
554 1059 589 1120 fit
608 1059 729 1120 mentio
741 1059 825 1136 apud
844 1059 926 1134 illos,
940 1059 993 1137 qui
1010 1060 1111 1124 tribus
1125 1063 1216 1142 prio-

238 1159 327 1220 ribus
347 1157 470 1219 saeculis
484 1175 534 1218 res
545 1157 774 1218 ecclesiasticas
788 1156 914 1234 scriptis
929 1157 1136 1222 illustrarunt.
1149 1163 1217 1223 Ma-

237 1257 315 1317 ximi
336 1253 491 1316 momenti
520 1259 568 1315 est
586 1252 746 1314 silentium
768 1253 895 1313 Eusebii
911 1255 1109 1318 cesariensis
1125 1265 1157 1320 et
1177 1261 1211 1322 S.

237 1353 431 1434 Hieronymi,
456 1351 511 1431 qui
530 1351 561 1412 in
577 1351 792 1412 conservanda
811 1351 1002 1431 scriptorum
1018 1357 1216 1432 apostolico-

236 1468 308 1514 rum
321 1449 475 1512 memoria
489 1449 657 1527 diligenter
671 1448 785 1509 versati
796 1453 880 1509 sunt.

275 1551 306 1610 2.
332 1549 396 1609 Neo
417 1546 530 1610 Victor
553 1545 698 1608 Pontifex
723 1545 756 1604 in
777 1545 991 1607 controversia
1004 1547 1043 1610 de
1058 1550 1215 1614 Paschate

237 1645 439 1720 celebrando,
460 1661 520 1706 nec
538 1645 568 1706 S.
596 1643 768 1724 Cyprianus
787 1643 819 1702 in
841 1645 1054 1706 controversia
1076 1648 1116 1708 de
1134 1647 1215 1728 hap·

237 1743 568 1804 tismohaereticorum
595 1741 645 1828 his
670 1740 844 1802 canonibus
855 1742 903 1802 usi
917 1748 1007 1818 sunt;
1024 1761 1077 1805 eos
1089 1750 1212 1824 autem,

237 1839 264 1900 si
275 1842 501 1918 Apostolorum
515 1839 657 1912 fuissent,
673 1840 808 1917 allegare
821 1857 885 1900 non
898 1841 1086 1905 omisissent.

276 1940 305 2000 3.
320 1939 412 2016 Apud
426 1944 545 2000 veteres
561 1938 593 1997 in
606 1936 738 1998 dubium
750 1937 886 2000 revocati
903 1943 996 2012 sunt;
1013 1959 1042 2002 v.
1059 1959 1103 2020 g.,
1119 1943 1214 2004 Gela-

237 2034 300 2095 sius
314 2035 458 2096 Pontifex
472 2040 504 2096 e't
517 2035 656 2096 Isidorus
668 2035 860 2113 Hispalensis
876 2036 1075 2116 apocryphos
1097 2047 1213 2103 vocant

237 2149 371 2194 canones
383 2133 620 2210 Apostolorum.
1251 2216 1253 2219 .

274 2233 304 2290 l.
321 2229 419 2290 Multa
441 2229 473 2289 in
497 2229 559 2290 illis
587 2233 670 2303 sunt,
688 2247 758 2308 quae
780 2246 853 2292 cum
875 2231 1102 2308 Apostolorum
1115 2237 1211 2296 aetate

234 2327 322 2386 nulla
343 2327 465 2389 ratione
484 2327 634 2406 componi
653 2332 805 2407 possunt;
823 2346 850 2388 v.
865 2346 908 2408 g.,
931 2327 1094 2394 distinctio
1107 2330 1211 2394 bono

234 2441 305 2486 rum
317 2425 466 2488 Ecclesiae
478 2442 496 2486 a
509 2425 598 2486 bonis
613 2425 777 2504 Episcopi.

274 2527 304 2584 5.
336 2524 487 2596 Quaedam
512 2523 611 2584 ineis
638 2523 840 2584 inveniuntur
862 2524 1012 2586 Ecclesiae
1041 2527 1209 2589 traditioni

234 2621 401 2684 contraria.
417 2621 574 2682 Nimirum
591 2621 768 2698 disciplinae
784 2621 965 2699 apostolicae
989 2624 1207 2700 adversantur,

233 2719 289 2780 ubi
305 2719 415 2780 dicunt
425 2719 747 2780 excommunicandos
760 2735 827 2779 esse
838 2735 891 2781 eos
903 2719 958 2798 qui
973 2719 1106 2782 sabbato
1121 2721 1209 2802 jeju-

231 2821 319 2878 nant.
339 2815 513 2878 Veritatem
528 2816 719 2877 catholicam
738 2815 902 2877 ollendunt
918 2821 988 2876 tum
1001 2817 1087 2879 circa
1100 2820 1209 2898 Scrip-

231 2920 311 2976 turae
326 2931 493 2989 canonem,
508 2919 577 2976 tum
590 2913 674 2976 circa
687 2912 881 2993 baptismum
901 2913 940 2974 ab
954 2914 1114 2978 haereticis
1135 2918 1207 2979 col-

231 3011 340 3073 latum.

270 3110 312 3171 ll.
331 3107 811 3188 &nonnemo-Disciplinam
820 3109 985 3188 antiquam
995 3111 1028 3171 in
1038 3109 1088 3171 his
1104 3128 1203 3175 cano·

229 3205 324 3268 nibus
355 3206 522 3281 contineri,
559 3214 713 3287 negarunt
743 3210 967 3269 Protestantes.
1001 3209 1103 3270 Hodie
1130 3227 1206 3271 vero

230 3305 366 3364 fatentur
388 3320 498 3365 omnes
527 3305 654 3380 eruditi,
678 3322 815 3368 canones
830 3305 1031 3382 Apostolioos
1055 3311 1205 3370 constare

229 3398 345 3478 partim
363 3416 400 3460 ex
417 3401 533 3479 regulis
548 3419 624 3480 quas
638 3402 782 3480 Apostoli
792 3400 895 3463 verbis
908 3402 1118 3480 tradiderunt,
1135 3421 1206 3484 par·

260 3557 295 3621 (l)
307 3557 450 3618 cotelerius,
461 3557 549 3607 Patres
561 3525 733 3622 apostoliam
748 3559 769 3610 1.
786 3585 817 3596 -
827 3558 953 3621 Ballerini,
967 3559 1004 3608 De
1017 3558 1206 3612 collectionibus

227 3651 358 3702 canonum,
373 3651 401 3698 p.
419 3639 440 3688 t.
458 3663 488 3674 -
502 3637 581 3702 Binet,
593 3638 738 3702 Apparatus
744 3641 815 3706 sams
826 3639 945 3702 cotronam,
958 3651 1018 3701 pars
1030 3639 1064 3704 ll,
1076 3653 1133 3702 cap.
1149 3652 1185 3692 rr.
