2626 4258
238 303 291 350 ³62
412 297 567 344 nxroslrto
588 297 762 344 METRODICA
784 294 866 343 JURIS
889 293 1043 343 carlorum.
1064 251 1075 283 0

235 419 450 494 testarumque
474 415 599 476 dierum
626 413 887 490 celebrationem,
914 419 950 476 ut
976 411 1085 474 omnia
1103 411 1164 474 rite
1180 416 1215 474 et

235 521 333 587 recte,
349 519 380 574 et
395 531 432 574 ex
443 515 572 574 Patrum
583 513 782 574 institutione
799 515 885 574 liant.
902 534 915 570 u

273 610 325 674 111.
350 606 536 669 Constitutio.
556 640 594 652 -
610 608 731 684 Duplex
747 613 794 668 est
809 607 949 686 quodam
965 607 1063 666 modo
1077 622 1214 686 congre-

234 706 320 786 gatio
334 705 477 778 Rituum,
495 722 611 784 nempe
629 703 782 764 ordinaria
798 711 829 764 et
840 703 1087 764 catraordt‘aart'a.

272 807 300 866 l.
331 801 492 864 ordinarie
517 803 741 881 complectitur
767 802 958 878 cardinales,
991 803 1140 880 praelatos
1172 817 1212 866 ex

233 901 346 982 quibus
383 920 464 963 unus
496 906 543 964 est
567 901 766 978 secretarius,
793 900 960 980 magistros
995 898 1210 962 caeremonia-

232 1019 315 1076 rum,
336 1005 396 1062 eto.
490 985 492 989 ¹

270 1099 345 1178 Ejus
364 1099 492 1160 decreta
509 1099 642 1160 suntvel
658 1098 834 1160 formaliter
846 1097 1016 1177 generalia,
1039 1097 1088 1158 vel
1108 1094 1211 1176 mqui-

230 1193 372 1254 valenter
388 1191 548 1272 generalia
563 1191 678 1272 quibus
701 1192 807 1272 legum
823 1209 932 1254 sensus
952 1191 1139 1264 declaratur,
1158 1189 1210 1250 vel

230 1289 432 1368 particularia
448 1289 500 1369 (l).
1042 1353 1045 1359 ,

270 1393 300 1452 2.
309 1389 518 1470 Congregatio
528 1388 770 1472 extraordinario
779 1388 914 1450 examini
927 1407 985 1450 suo
994 1387 1121 1467 subjicit
1133 1403 1208 1449 om·

230 1505 286 1549 nes
297 1505 405 1550 causas
418 1506 488 1567 quaa
503 1487 771 1550 beatificationem
781 1494 812 1550 et
825 1487 1096 1550 canonizationem
1108 1487 1211 1548 Sanc-

229 1591 334 1647 torum
352 1585 537 1664 respiciunt.

269 1685 396 1746 Constat
409 1683 522 1744 iisdem
533 1683 744 1746 cardinalibus
756 1704 764 1759 ;
776 1701 841 1746 non
853 1701 928 1746 vero
940 1682 1055 1744 iisdem
1068 1681 1210 1761 praelatis

229 1785 260 1841 et
275 1781 521 1842 consultoribus.
538 1782 586 1842 Ad
602 1782 705 1860 ipsam
728 1786 883 1861 spectant,
911 1786 1027 1860 praetcr
1041 1783 1211 1860 promoto-

227 1895 296 1938 rem
315 1878 400 1952 fidei,
428 1883 492 1940 tres
512 1879 708 1957 antiquiores
735 1881 823 1941 Rotae
852 1879 1027 1954 auditores,
1054 1884 1208 1956 tanquam

227 1975 409 2048 canonista,
429 1975 482 2053 qui
496 1977 579 2038 vices
603 1994 797 2038 assessorum
819 1983 947 2057 gerunt;
976 1995 1058 2037 unus
1076 1993 1114 2036 ex
1129 1993 1210 2055 pro·
1304 2037 1305 2068 ᾖ

226 2073 391 2134 tonotariis
406 2080 572 2151 promotor
598 2092 711 2136 causae.
730 2077 896 2138 Accedunt
919 2076 1061 2153 theologi
1076 2075 1209 2138 consul-

228 2177 312 2233 tores
327 2172 375 2232 vel
397 2172 645 2251 qualitlcatoress
660 2175 796 2234 Domum
815 2173 1007 2236 adhibentur
1030 2174 1088 2235 riri
1101 2173 1209 2236 scien-

209 2267 343 2329 'tiarum
365 2269 559 2330 naturalium
585 2271 690 2349 periti,
708 2271 762 2350 qui
787 2272 932 2351 judicant
946 2290 986 2332 an
1001 2271 1207 2356 operationes

226 2384 297 2446 quae
311 2366 473 2430 miraculis
487 2375 705 2447 accensentur,
719 2387 791 2433 vere
801 2371 865 2432 sint
875 2371 1141 2450 supernaturales.
1303 2363 1304 2366 ’

522 2572 548 2620 ³.
567 2571 668 2622 Ceterae
689 2571 906 2634 Conmegattones.

256 2722 289 2808 J,
306 2724 587 2806 Congregationem
605 2700 818 2810 Episcoporam
843 2735 874 2792 et
892 2729 1096 2810 Repularcitm,
1116 2732 1205 2794 velut

226 2839 373 2886 unamex
395 2823 528 2899 duabus,
547 2827 712 2888 constituit
727 2827 833 2890 Sixlus
857 2830 896 2902 V,
913 2835 948 2890 ut
971 2830 1107 2910 negotiis
1132 2836 1203 2892 tum
1301 2847 1302 2852 ’

224 2923 307 2984 inter
321 2921 495 3000 Episcopus
511 2928 542 2984 et
570 2925 715 2998 clericos,
733 2931 801 2986 lum
828 2926 910 2988 inter
936 2928 1204 3006 Regulares,tum

224 3022 307 3084 inter
322 3028 492 3100 utrumque
508 3022 654 3086 ordinem
676 3028 862 3089 saecularem
878 3033 911 3090 ct
934 3030 1113 3107 regularem
1127 3048 1204 3093 con-

224 3119 419 3200 tingentibus
430 3121 622 3200 provideret.

264 3219 312 3279 Ad
326 3219 430 3298 ipsum
442 3225 563 3298 spectat
573 3223 731 3299 postulata
743 3224 983 3288 Ordinariorum
994 3244 1202 3307 cognoscere,
1300 3259 1301 3297 l

223 3318 451 3378 controversias
468 3337 563 3398 super
574 3317 798 3399 jurisdictione
812 3331 934 3387 exortas
946 3344 1155 3406 componere.

264 3415 554 3478 Consultationibus
586 3420 788 3499 Regularium
816 3425 1009 3502 respondet;
1039 3427 1204 3489 executio-

258 3582 293 3646 (1)
307 3581 380 3631 Extat
389 3583 500 3634 collectio
513 3587 669 3650 Gardellinli,
681 3592 721 3640 eui
739 3593 841 3642 titulus:
853 3593 960 3644 Decreta
978 3597 1123 3650 auctentica
1137 3601 1204 3650 Gon·

123 3667 126 3674 ·
222 3657 379 3720 precationis
386 3659 495 3710 llitutm.
516 3663 574 3711 llaec
586 3666 697 3715 collectio
709 3669 836 3722 declarata
848 3671 896 3722 tuit
910 3671 1062 3740 authentice.
