2620 4258
480 245 554 289 rans
574 243 738 290 srccmcrs.
988 211 989 214 ¹
1042 247 1095 292 aar
1156 251 1164 274 ·

117 379 253 442 quarum
280 361 430 442 Episcopi
453 363 614 423 decedunt
628 362 662 422 in
676 363 763 424 ouria
776 380 918 424 romana.
943 365 1099 426 Benedic-

119 466 171 523 tus
187 461 239 522 XII
254 459 330 520 alias
346 457 574 520 reservationes
594 459 729 522 induxit.
752 462 887 522 Domum
907 466 982 540 post
997 461 1098 522 editas

118 559 241 638 regulas
251 557 454 618 Cancellariee
467 551 645 636 generatim
657 547 814 619 reservata
841 563 886 619 esl
900 561 935 620 ll.
952 559 1098 620 Pontifici

31 733 35 742 ι
118 655 250 718 collatio
285 655 431 716 omnium
464 652 679 714 Ecclesiarum
711 653 951 716 cathedralium.
979 657 1097 717 Verum

117 769 194 814 cum
205 769 275 812 eam
285 768 353 812 rem
367 750 507 829 capitula
520 757 553 811 et
567 767 656 830 reges
671 769 754 830 aegre
765 753 895 826 ferrent,
915 752 999 814 bono
1011 753 1098 830 pacis

119 851 310 925 factumest,
338 855 373 910 ut
387 848 522 909 indultis
539 849 587 909 vel
603 848 810 910 Concordatis
835 849 1006 910 electiones
1024 849 1098 928 Epi-

120 964 291 1026 scoporum
311 945 468 1024 aliquibus
482 945 639 1022 capitulis,
652 965 679 1007 v.
705 963 736 1023 g.
758 947 935 1008 Germaniae
954 947 1100 1008 restitue-

118 1050 239 1118 rentur,
262 1050 293 1106 et
318 1045 414 1106 etiam
430 1043 595 1106 catholicis
620 1043 747 1122 regibus
770 1043 972 1122 privilegium
996 1045 1099 1104 norni-

117 1142 217 1202 nandi
232 1141 405 1220 Episcopus
424 1159 482 1220 pro
505 1141 697 1220 quibusdam
711 1142 760 1204 vel
776 1141 923 1202 omnibus
950 1141 1099 1202 Ecclesiis

118 1237 322 1312 tribueretur,
355 1255 390 1298 ea
412 1243 520 1299 tamen
545 1239 614 1317 lege
643 1243 677 1300 ut
703 1227 873 1300 electiones
888 1237 1099 1298 seunomina-

118 1329 224 1392 tiones
237 1347 254 1389 a
268 1332 299 1392 S.
317 1331 472 1394 Pontifice
483 1331 759 1393 confirmarentur.

159 1430 212 1490 ΙΙΙ.
224 1427 393 1490 Ncmioctio
402 1429 493 1510 rapio.
504 1461 542 1475 -
557 1431 669 1507 Operae
684 1429 824 1507 pretium
840 1435 888 1491 est
900 1429 992 1492 istius
1005 1429 1100 1506 privi-

118 1525 196 1606 legii
207 1525 373 1602 originem,
390 1527 547 1586 rationem
561 1531 592 1587 et
605 1526 723 1587 limites
734 1543 878 1588 noscere.

159 1623 217 1684 Jus
238 1621 427 1682 nominandi
450 1621 626 1701 Episcopos
641 1640 707 1682 non
717 1649 718 1656 ¹
729 1629 894 1685 exercetur
908 1642 925 1684 a
939 1623 1101 1701 guberniis

113 1718 252 1780 nomine
266 1719 376 1796 populi
392 1717 506 1794 fidelis,
530 1719 584 1796 qui
608 1735 772 1797 nunquam
786 1718 897 1780 habuit
912 1737 948 1779 ex
960 1719 1031 1800 jure
1058 1719 1102 1778 di-

114 1815 193 1876 vino
209 1815 392 1875 facultatem
407 1814 545 1892 eligendi
557 1813 732 1892 Episcopos
748 1835 756 1886 ;
779 1831 882 1892 neque
894 1815 923 1874 vi
939 1814 1101 1892 potestatis

114 1909 232 1986 civilis,
242 1927 317 1972 oum
326 1911 470 1971 Ecclesia
480 1911 521 1972 sit
532 1910 761 1988 independens.
775 1911 957 1972 Nominatio
966 1911 1053 1991 regia
1063 1929 1101 1972 ex

117 2007 240 2069 recenti
251 2007 438 2068 liberalitate
445 2007 595 2068 Ecclesiae
606 2007 767 2081 consistit;
782 2025 846 2068 non
862 2013 909 2070 est
918 2009 994 2071 inse
1005 2011 1098 2084 mala,

117 2105 263 2184 quamvis
278 2106 449 2184 aliquando
462 2103 558 2166 noxia
576 2105 644 2166 fieri
658 2105 769 2184 possit.

161 2205 238 2265 Haeo
261 2203 438 2265 nominatio
454 2208 502 2264 est
521 2203 683 2282 quoddam
710 2221 809 2281 genus
832 2205 1007 2278 electionis,
1025 2221 1102 2284 qua-

119 2307 213 2362 tenus
224 2317 290 2374 rex,
308 2301 394 2360 velut
407 2299 559 2360 Ecclesia
575 2299 721 2360 defensor
745 2307 777 2360 et
799 2303 908 2379 populi
925 2307 1029 2381 caput,
1047 2321 1102 2366 seu

121 2399 206 2459 velut
228 2414 365 2476 persona
392 2395 498 2468 media
513 2395 728 2456 interularum
750 2399 781 2456 et
805 2397 1101 2478 placentiamque

122 2496 269 2558 ordinem
281 2495 314 2555 in
324 2494 454 2575 negotio
468 2491 631 2556 electionis
644 2497 859 2570 repraesentat,
873 2496 1014 2557 Ecclesia
1026 2513 1101 2557 con-

122 2595 267 2655 cedente.
318 2659 320 2662 ,

162 2690 326 2770 Principes
355 2689 387 2750 in
410 2689 577 2769 Episcopis
605 2687 809 2748 nominandis
844 2687 927 2749 viros
964 2687 1103 2766 deligere

122 2787 243 2850 dehent
255 2787 421 2848 sanctitate
445 2791 476 2848 et
500 2785 633 2847 scientia
650 2785 907 2864 spectatissimos,
922 2791 977 2847 aut
991 2785 1103 2847 saltem

95 2915 103 2932 ·
121 2886 162 2946 iis
185 2885 313 2946 dotibus
329 2889 467 2958 ornatos,
484 2901 563 2963 quas
576 2900 714 2945 canones
735 2887 767 2946 et
786 2885 979 2946 concordata
1000 2887 1105 2962 postu-

121 2983 275 3058 laverint;
300 3001 390 3046 secus
419 2981 505 3044 enim
520 2984 556 3046 R.
573 2981 721 3042 Pontifex
739 2979 1017 3060 presentationem
1039 2996 1103 3042 non

15 3077 16 3084 ’
121 3077 274 3140 admittit.

419 3217 451 3266 11.
466 3242 496 3251 -
510 3217 546 3266 De
560 3217 652 3278 regulis
665 3217 802 3269 electionis.

161 3373 287 3434 Electio
317 3373 549 3452 Episcoporum
577 3373 730 3434 canonica
759 3391 828 3435 esse
855 3377 960 3452 debet,
985 3381 1020 3438 ut
1040 3375 1103 3436 vim

120 3467 247 3532 habeat.
279 3469 366 3530 lllius
390 3469 507 3548 regulae
533 3474 678 3548 spectant
699 3475 769 3532 tum
793 3473 959 3550 qualitates
987 3473 1106 3552 eligen-

122 3567 250 3644 dorum,
270 3571 340 3630 tum
355 3569 491 3630 sormam
507 3568 697 3630 electoribus
710 3571 941 3648 praescriptam.
