2626 4258
256 285 309 332 858
424 280 580 332 exrosrrlo
602 279 778 326 uurfloulca
800 279 883 324 turus
906 279 1060 356 canumet.

725 383 746 419 O

558 479 583 529 t.
601 475 763 539 Congregatio
777 475 869 526 Indicis
882 475 926 537 (tt.

293 635 317 696 l.
336 633 488 695 Institutio
508 633 604 694 illius.
620 666 660 678 —
674 629 767 692 Index
782 613 830 692 est
847 630 1007 710 catalogus
1021 629 1181 692 librorum
1196 629 1235 690 ab

254 718 438 810 Apostolica
452 734 533 794 Sede
548 730 794 811 prohibitorum.
814 730 968 806 lndicem,
982 730 1073 808 jussu
1087 729 1179 790 Pauli
1195 729 1235 790 IV

254 834 285 889 et
301 829 406 890 studio
421 827 553 889 Concilii
569 827 748 888 Tridentini
764 827 959 908 conlectum,
976 826 1048 888 Pius
1064 827 1106 888 lv
1120 842 1238 906 appro-

254 926 339 988 bavit
354 933 385 988 et
399 925 621 1006 promulgavit.
922 987 923 990 ,
945 983 949 991 .

295 1025 343 1086 Ad
381 1025 561 1102 catalogum
589 1023 748 1102 ejusmodi
784 1027 894 1102 postea
931 1023 1176 1100 perficiendum,
1206 1027 1237 1083 et

255 1123 372 1184 Sancto
387 1122 499 1183 Olficio
511 1121 775 1197 subveniendum,
793 1123 824 1182 S.
843 1121 915 1182 Pius
932 1123 959 1183 V
978 1119 1237 1182 institnitlndicic

256 1218 525 1300 Conprcpotionem
544 1236 640 1298 qnam
656 1218 762 1280 Sixtus
778 1220 804 1280 V
819 1218 1019 1279 confirmavit
1033 1223 1063 1279 et
1077 1219 1166 1279 arruit
1180 1236 1238 1297 po·

253 1323 366 1379 testate
382 1317 480 1378 libros
495 1317 707 1390 examinandi,
728 1315 931 1394 prohibendi,
955 1316 1149 1394 corrigendi,
1171 1317 1238 1376 lec-

254 1415 376 1476 tionem
395 1414 614 1495 permittendi,
637 1413 808 1475 interdicta
823 1413 971 1475 omnibus
987 1415 1137 1476 facultate
1157 1431 1239 1475 con·

166 1559 168 1563 Α
254 1513 390 1576 cedendi
404 1513 470 1574 sine
481 1513 605 1573 indulto
616 1511 779 1572 licentiam
790 1511 917 1590 legendi
931 1509 1030 1572 libros
1042 1511 1235 1590 prohibitos.

293 1611 330 1674 ll.
349 1611 473 1672 Decreta
490 1610 609 1672 Indicis
633 1611 802 1671 asumma
822 1610 975 1671 Pontifice
991 1611 1234 1672 confirmantur.

254 1703 309 1771 His
322 1708 425 1770 verbis
439 1709 577 1770 eduntur
593 1727 599 1768 :
1001 1783 1005 1796 ⁸

300 1808 355 1868 «ὃ.
369 1806 578 1885 congregatio
589 1805 830 1867 cardinaliuma
843 1806 925 1867 Sede
938 1805 1125 1885 Apostolica
1134 1805 1235 1866 Indici

254 1903 411 1964 librorum
425 1921 528 1982 pravae
548 1903 714 1978 doctrine,
739 1903 989 1982 eorumdemque
1009 1903 1237 1982 proscriptioni

255 2001 288 2060 in
316 1999 459 2062 universa
491 1999 633 2060 Ecclesia
665 2001 913 2080 prepositorum
940 2007 972 2062 et
1002 2002 1235 2080 delegatorum,

256 2097 395 2170 damnat,
424 2096 659 2175 proscribitque
683 2104 715 2159 et
744 2098 777 2160 in
802 2098 945 2160 Iudicem
968 2097 1081 2162 referri
1107 2099 1238 2162 mandat

256 2211 353 2276 opera
367 2213 438 2274 quae
452 2201 629 2274 sequuntur
637 2242 699 2260 .....

300 2315 316 2352 o
342 2294 451 2371 ltaque
476 2311 572 2354 nemo
597 2295 825 2374 cujuscumque
846 2297 960 2375 gradus
985 2301 1016 2357 et
1043 2294 1236 2372 conditionis
1299 2357 1300 2371 ,

255 2391 409 2472 praedicta
432 2408 529 2469 opera
555 2391 704 2453 damnata
727 2399 822 2472 atque
844 2393 1015 2472 prohibita,
1044 2409 1238 2473 quocunque

256 2489 328 2550 loco
347 2493 379 2549 et
391 2487 553 2563 idiomate,
574 2489 679 2564 cdere,
695 2490 799 2567 lcgere
814 2497 867 2551 aut
879 2490 1017 2552 retinere
1033 2491 1159 2567 audeat,
1181 2493 1239 2552 scd
1298 2531 1299 2534 =

256 2587 402 2648 locorum
420 2586 594 2648 Ordinariis
612 2605 649 2648 ea
665 2589 788 2649 tradere
810 2594 965 2664 teneatur,
990 2588 1048 2649 sub
1072 2589 1175 2667 pmnis
1195 2589 1242 2649 in·
1298 2563 1299 2653 l

257 2684 362 2746 dictis.
894 2681 897 2688 ’
1062 2733 1067 2743 .

301 2781 452 2854 «Quibus
467 2783 674 2845 sanctissimo
692 2785 828 2846 Domino
846 2787 960 2846 Nostro
980 2783 1036 2845 Pio
1056 2786 1098 2846 lX
1119 2785 1239 2859 relatis,

257 2881 412 2944 Sanctitas
427 2900 482 2944 sua
502 2884 667 2946 decretum
695 2885 850 2974 probavit,
876 2891 907 2948 et
929 2883 1127 2964 promulgari
1153 2902 1241 2963 prae-

257 2979 352 3059 cepit.
368 3002 382 3038 u
591 2992 596 3000 '

250 3127 257 3141 .
297 3080 350 3140 ΙΙΙ.
372 3077 557 3140 Constitutio.
582 3115 622 3126 -
642 3082 849 3162 Congregatio
870 3081 989 3144 Indicis
1012 3081 1243 3159 complectitur

258 3180 365 3258 plures
380 3181 572 3255 Cardinales,
586 3181 790 3242 secretarium
802 3198 839 3242 cx
855 3181 967 3242 ordine
978 3179 1243 3256 Praedicatorum,

260 3284 290 3338 et
300 3280 495 3341 consultores
505 3279 589 3340 inter
600 3297 680 3361 quos
694 3279 791 3341 fixum
806 3280 913 3342 locum
926 3277 1022 3342 habet
1032 3278 1180 3359 Magister
1190 3278 1242 3341 Sa·

260 3373 306 3436 cri
319 3376 442 3438 Palatii.
485 3419 487 3425 -

289 3548 324 3608 (lt
342 3548 410 3598 lnlra
428 3547 480 3609 (lib.
505 3549 536 3608 ll,
553 3549 585 3598 de
605 3549 707 3615 Mediis)
722 3550 855 3612 prohibitio
875 3551 994 3602 librorum
1014 3555 1159 3602 recensetur
1174 3551 1246 3601 intra

261 3627 344 3676 media
356 3627 446 3688 quibus
460 3640 556 3678 errores
566 3627 749 3690 reprimuntur.
