2630 4250
185 239 241 290 lte
342 244 502 294 cxrosmo
524 243 702 292 uuuuoolca
723 247 807 297 tulus
830 248 986 300 cartorum.

465 421 781 528 orssnarn'no
805 459 836 531 11
893 541 895 546 g

459 634 498 680 Dc
520 633 653 680 AGGESSU
674 634 715 681 Ab
736 635 879 684 ORDINES.

201 791 202 796 ’
220 791 261 852 ut
276 787 465 850 accedamus
485 789 524 848 ad
545 788 686 866 ordines,
700 789 763 852 duo
780 789 995 870 requiruntur,
1010 789 1159 853 videlicet

173 885 401 967 praeparatioet
414 883 576 950 ordinatio.
701 881 703 887 ⁸

217 1017 306 1074 Garun
320 1019 340 1074 1.
364 1019 404 1075 De
415 1018 625 1091 preparatione
638 1017 674 1076 ad
686 1009 794 1076 statum
807 1017 988 1076 clericalem.

214 1105 303 1162 Cerur
318 1108 352 1164 ll.
365 1108 404 1164 De
418 1107 614 1164 ordinatione.

583 1305 714 1368 CAPUT
740 1306 753 1366 1

365 1452 575 1518 Pup-ntro
591 1460 634 1508 ud
646 1459 771 1507 statum
786 1455 989 1510 clericalem

224 1613 329 1674 Status
347 1611 503 1674 clericalis
525 1611 621 1692 exigit
645 1609 838 1688 singularem
861 1608 960 1670 animi
986 1609 1161 1686 culturam,

177 1711 242 1774 sive
257 1711 415 1786 institutio
427 1711 617 1786 theologica,
628 1709 692 1770 siva
707 1707 854 1770 educatio
866 1707 905 1768 ad
922 1707 1085 1787 religionis
1098 1709 1160 1772 vir-

176 1811 318 1888 tutisque
342 1809 483 1870 studium
509 1812 680 1886 spectetur.
695 1807 777 1868 Hinc
792 1805 934 1866 Ecclesia
944 1823 1015 1868 suas
1038 1807 1161 1886 cogita-

137 1913 140 1922 '
177 1907 279 1968 tiones
294 1907 372 1968 inid
388 1907 568 1986 praesertim
588 1905 733 1966 conferre
746 1921 910 1982 nunquam
928 1903 1109 1980 intermisit,
1123 1909 1158 1966 ut

177 2020 290 2065 omnes
303 2003 336 2062 in
350 2009 469 2066 sortem
484 2003 611 2065 Domini
625 2003 729 2064 vocati
744 2003 784 2064 ad
799 2002 953 2080 pietatem
971 2003 1083 2064 sedulo
1099 2003 1160 2070 fluv

121 2140 125 2146 ·
176 2107 338 2183 gerentur,
355 2119 392 2164 ao
402 2101 517 2164 litteris
532 2106 564 2162 et
574 2098 752 2179 disciplinis
772 2099 975 2178 potissimum
988 2100 1085 2162 sacris
1097 2101 1159 2163 rite

176 2201 407 2262 imbuerentur.
442 2202 484 2262 At
512 2200 597 2262 cirea
620 2199 705 2261 huuc
738 2199 900 2277 duplicem
927 2199 1025 2266 finem
1048 2217 1161 2280 prose·

177 2298 341 2376 quendum
356 2316 421 2372 non
435 2299 547 2360 eadem
562 2313 689 2376 semper
703 2297 802 2376 viguit
816 2295 994 2374 disciplina.

215 2397 240 2457 1.
261 2395 345 2456 Vetus
355 2395 505 2476 disciplina
519 2397 567 2458 vel
582 2395 615 2456 in
630 2389 791 2474 prioribus
804 2393 926 2456 saeculis
941 2395 990 2456 vel
1003 2393 1036 2456 in
1050 2396 1159 2460 medio

176 2511 243 2558 aevo
262 2481 494 2556 consideratur.

219 2595 245 2654 l.
260 2591 383 2656 Priores
404 2590 516 2653 sobole*
531 2589 686 2652 clericales.
710 2625 748 2638 --
777 2592 804 2653 A
826 2591 939 2670 primis
957 2593 1158 2674 temporibus

175 2690 312 2770 majores
325 2691 436 2765 nostri,
461 2709 488 2752 v.
516 2709 546 2770 g.
573 2690 605 2752 S.
623 2689 828 2767 Augustinus,
850 2691 1045 2771 episcopalia
1064 2692 1159 2754 semi·

133 2827 135 2832 -
173 2790 263 2852 naria
275 2789 398 2852 institui
414 2792 575 2863 curarunt,
599 2787 633 2847 in
652 2788 779 2868 quibus,
800 2787 858 2849 sub
874 2790 1025 2869 Episcopi
1044 2791 1175 2866 oculis,

174 2887 406 2949 instruerentur
428 2885 570 2964 juniores
600 2885 710 2947 clerici
741 2885 795 2964 qui
832 2887 872 2947 ad
908 2887 1043 2966 majores
1075 2889 1159 2950 ordi·

173 3003 231 3046 nes
247 2988 438 3048 crescerent.
459 2985 586 3044 Certum
610 2989 667 3058 est,
681 2983 750 3062 jam
771 2985 889 3048 saeculo
915 3002 948 3047 ur
970 2971 1160 3050 constitutas

174 3084 272 3144 luisse
289 3099 475 3145 communes
491 3083 617 3157 domus,
633 3082 666 3142 in
679 3082 794 3160 quibus
804 3083 1020 3146 Ecclesiarum
1034 3085 1158 3146 alumni

175 3179 213 3238 nd
232 3195 360 3240 omnem
388 3179 539 3241 virtutem
564 3180 813 3240 informarentur
841 3179 894 3260 (l).
926 3180 1157 3258 Adjumentum

174 3277 347 3338 attulerunt
361 3278 626 3339 monasteriorum
641 3276 746 3338 sobole
758 3277 927 3355 celeriores,
943 3287 1014 3358 quet
1026 3281 1157 3343 clericis

203 3438 238 3504 (1)
253 3436 388 3487 Concilium
408 3438 555 3486 'toletanum
576 3437 608 3497 ll,
622 3451 687 3486 anno
698 3439 742 3488 527
757 3453 764 3485 =
777 3456 789 3484 ι
802 3439 941 3490 statuimus
960 3441 1154 3499 observandum,

173 3525 202 3568 ut
214 3532 269 3568 mox
283 3515 378 3566 detonsi
393 3518 431 3566 vel
449 3517 591 3566 ministeriis
601 3519 720 3568 lectorum
733 3519 830 3580 traditi,
847 3523 872 3570 tn
892 3522 964 3570 domo
980 3521 1093 3572 ecclesie
1107 3521 1156 3570 sub

172 3595 307 3659 episcopali
322 3595 455 3657 presentia
466 3594 623 3657 aproeposito
633 3596 679 3644 sibi
692 3597 799 3650 debeant
809 3599 914 3650 erudiri.
936 3617 947 3644 ι
