2604 4270
242 269 265 312 II
648 268 814 314 PRAEFATIO.

239 409 360 476 siastici
375 407 519 477 diflicilia
534 429 618 497 esse,
633 409 700 479 sive
712 412 755 478 oh
770 410 857 480 varia
872 409 1050 498 disciplina
1064 411 1214 500 adjuncta

239 551 337 618 uariis
357 549 508 646 atatibus
523 549 726 638 accedentia‚.
737 551 804 620 sive
824 551 865 618 ob
882 551 1075 622 innumeros
1090 552 1215 621 codices

238 691 483 779 pervolvendos,
500 692 567 761 sive
582 692 624 762 ob
638 692 807 760 intricatas
822 711 858 760 ac
871 695 1038 780 perplexas
1051 693 1213 782 interpre-

237 841 309 899 tum
334 832 504 900 methodos
528 841 560 900 et
587 831 789 901 traditiones,
820 833 867 900 Ea
893 832 934 902 de
957 854 1054 902 eausa
1083 831 1213 901 Summi

237 973 409 1042 Pontifices
429 993 504 1042 suas
525 992 640 1040 omnes
659 993 753 1040 curas
772 972 919 1041 conterre
941 993 1008 1040 non
1028 972 1214 1042 intermise-

214 1189 216 1192 ,
236 1123 327 1202 runt,
344 1123 382 1182 ut
403 1113 513 1182 clerici
526 1112 584 1202 jus
603 1134 732 1182 sacrum
751 1114 966 1202 addiscerent,
985 1135 1214 1202 canonumque

236 1258 376 1324 cultores
399 1255 501 1324 auctis
522 1255 682 1345 prasidiis
703 1255 902 1325 fruerentur.
921 1258 983 1324 Pro
998 1257 1122 1325 ratione
1143 1265 1214 1324 stu-

235 1399 368 1466 diorum
387 1398 423 1465 in
442 1395 714 1466 Universitatibus
729 1398 915 1486 constituta,
934 1398 1132 1466 curriculum
1152 1418 1211 1465 ca-

234 1539 344 1608 nonici
352 1538 438 1628 juris
454 1539 631 1607 absolvitur
645 1537 767 1625 duplici
778 1537 901 1626 labore,
916 1537 1064 1606 videlicet
1077 1539 1212 1606 Institu-

233 1681 379 1748 tionibus
410 1688 442 1747 et
470 1679 690 1748 Decretalium
719 1679 917 1765 expositione
948 1699 957 1747 :
984 1679 1212 1748 Institutiones

231 1823 317 1890 uiam
340 1829 494 1890 sternunt
514 1821 555 1887 ad
577 1827 736 1908 praecepta
759 1820 903 1888 scientiae
922 1819 1085 1888 canonicae
1101 1821 1212 1907 perci-

230 1963 367 2052 pienda;
383 1961 603 2030 Decretalium
616 1969 727 2029 autem
742 1961 911 2048 explicatio
925 1961 1072 2028 consistit
1085 1969 1156 2028 tum
1170 1960 1210 2029 in

230 2104 378 2172 doctrina
403 2102 489 2191 juris
515 2101 673 2170 tradenda
699 2100 880 2169 secundum
907 2095 1053 2190 ipsarum
1079 2101 1208 2190 titulos

231 2257 304 2314 tum
316 2247 352 2312 in
367 2243 505 2331 singulis
516 2243 677 2332 capitibus
689 2251 795 2311 textus
806 2241 1072 2329 interpretandis.
1147 2223 1148 2228 ἵ

275 2391 478 2480 §Iampridem
491 2393 526 2458 in
547 2362 658 2460 Galliis
673 2391 850 2458 maximam
869 2409 963 2478 passa
981 2398 1030 2458 est
1039 2387 1214 2478 jurispru-

231 2533 341 2604 dentia
349 2533 525 2626 jacturam,
543 2533 690 2620 quandiu
704 2535 816 2622 legum
830 2496 937 2601 studia
952 2531 1100 2600 nondum
1112 2534 1215 2602 resti-

231 2685 301 2746 tuta
316 2683 423 2746 erant.
441 2675 568 2761 Vulgus
583 2674 801 2764 existimabat,
820 2682 929 2742 actum
949 2693 1019 2742 essa
1033 2673 1074 2742 de
1087 2695 1217 2762 propo-

231 2816 338 2887 nenda
348 2815 434 2904 juris
448 2778 559 2902 scripti
573 2815 782 2905 auctoritate3
799 2815 973 2883 arbitrium
991 2815 1062 2884 sine
1082 2819 1216 2903 regulis

230 2957 424 3048 sapientiam
449 2957 622 3044 tingentes
647 2955 839 3024 dictitabant
861 2957 949 3042 leges
975 2955 1219 3028 ecclesiasticas

230 3109 287 3168 aut
299 3101 369 3188 ipsa
386 3103 437 3167 sut
448 3105 605 3167 uetustate
620 3097 788 3184 collapsas
804 3104 860 3164 aut
873 3095 1043 3164 contrariis
1056 3095 1218 3168 moribus
1258 3155 1259 3158 ,

230 3242 431 3310 immutatas.
457 3239 607 3330 Episcopi
634 3259 710 3307 uero
739 3238 1004 3326 praesentiebant,
1036 3257 1108 3308 rem
1136 3257 1222 3308 esse

229 3383 414 3474 grauissimi
427 3383 562 3471 periculi
574 3383 717 3472 plenam,
735 3383 762 3451 si
773 3385 942 3469 generales
957 3381 1106 3450 Ecclesiae
1117 3383 1224 3468 leges

229 3525 388 3596 memoria
407 3512 554 3593 excidant
572 3532 605 3592 et
622 3523 795 3592 hominum
814 3532 904 3592 actus
919 3524 1079 3592 fluctuent
1097 3523 1133 3590 in
1155 3523 1225 3592 in-
