<?xml version="1.0" encoding="UTF-8"?>
<!DOCTYPE html PUBLIC "-//W3C//DTD XHTML 1.0 Transitional//EN"
    "http://www.w3.org/TR/xhtml1/DTD/xhtml1-transitional.dtd">
<html xmlns="http://www.w3.org/1999/xhtml" xml:lang="en" lang="en">
 <head>
  <title>
</title>
<meta http-equiv="Content-Type" content="text/html;charset=utf-8" />
  <meta name='ocr-system' content='tesseract 3.04.00' />
  <meta name='ocr-capabilities' content='ocr_page ocr_carea ocr_par ocr_line ocrx_word'/>
</head>
<body>
  <div class='ocr_page' id='page_1' title='image "./expositiomethod00hugugoog_0210.png"; bbox 0 0 2630 4250; ppageno 0'>
   <div class='ocr_carea' id='block_1_1' title="bbox 463 333 1081 385">
    <p class='ocr_par' dir='ltr' id='par_1_1' title="bbox 463 333 1081 385">
     <span class='ocr_line' id='line_1_1' title="bbox 463 333 1081 385; baseline 0.008 -5"><span class='ocrx_word' id='word_1_1' title='bbox 463 333 537 380; x_wconf 77' lang='lat' dir='ltr'><strong>PARS</strong></span> <span class='ocrx_word' id='word_1_2' title='bbox 558 333 722 383; x_wconf 68' lang='lat' dir='ltr'><strong>sencinum.</strong></span> <span class='ocrx_word' id='word_1_3' title='bbox 1029 337 1081 385; x_wconf 73' lang='lat' dir='ltr'><strong>tls</strong></span> 
     </span>
    </p>
   </div>
   <div class='ocr_carea' id='block_1_2' title="bbox 95 451 1084 2000">
    <p class='ocr_par' dir='ltr' id='par_1_2' title="bbox 95 451 1082 614">
     <span class='ocr_line' id='line_1_2' title="bbox 142 451 1082 536; baseline 0.001 -20"><span class='ocrx_word' id='word_1_4' title='bbox 142 451 196 516; x_wconf 91' lang='lat' dir='ltr'><strong>lll.</strong></span> <span class='ocrx_word' id='word_1_5' title='bbox 214 453 263 516; x_wconf 80' lang='lat' dir='ltr'><strong>Ad</strong></span> <span class='ocrx_word' id='word_1_6' title='bbox 284 458 410 532; x_wconf 88' lang='lat' dir='ltr'><strong>ternpus</strong></span> <span class='ocrx_word' id='word_1_7' title='bbox 431 453 669 516; x_wconf 76' lang='lat' dir='ltr'><strong>ordinationum</strong></span> <span class='ocrx_word' id='word_1_8' title='bbox 684 454 747 516; x_wconf 92' lang='lat' dir='ltr'><strong>duc</strong></span> <span class='ocrx_word' id='word_1_9' title='bbox 762 456 952 534; x_wconf 81' lang='lat' dir='ltr'><strong>referuntur,</strong></span> <span class='ocrx_word' id='word_1_10' title='bbox 966 473 1082 536; x_wconf 85' lang='lat' dir='ltr'>nempe</span> 
     </span>
     <span class='ocr_line' id='line_1_3' title="bbox 95 551 620 614; baseline -0.002 0"><span class='ocrx_word' id='word_1_11' title='bbox 95 551 164 614; x_wconf 84' lang='lat' dir='ltr'><strong>dies</strong></span> <span class='ocrx_word' id='word_1_12' title='bbox 177 551 388 614; x_wconf 83' lang='lat' dir='ltr'><strong>ordinationis</strong></span> <span class='ocrx_word' id='word_1_13' title='bbox 404 557 436 614; x_wconf 88' lang='lat' dir='ltr'><strong>et</strong></span> <span class='ocrx_word' id='word_1_14' title='bbox 449 551 620 614; x_wconf 72' lang='lat' dir='ltr'><strong>interstitia.</strong></span> 
     </span>
    </p>

    <p class='ocr_par' dir='ltr' id='par_1_3' title="bbox 96 648 1084 926">
     <span class='ocr_line' id='line_1_4' title="bbox 142 648 1081 733; baseline 0.002 -21"><span class='ocrx_word' id='word_1_15' title='bbox 142 653 172 712; x_wconf 87' lang='lat' dir='ltr'><strong>l.</strong></span> <span class='ocrx_word' id='word_1_16' title='bbox 192 648 302 726; x_wconf 80' lang='lat' dir='ltr'><strong>Quibus</strong></span> <span class='ocrx_word' id='word_1_17' title='bbox 312 648 413 711; x_wconf 78' lang='lat' dir='ltr'><strong>diebus</strong></span> <span class='ocrx_word' id='word_1_18' title='bbox 427 648 540 711; x_wconf 78' lang='lat' dir='ltr'><strong>oratrices</strong></span> <span class='ocrx_word' id='word_1_19' title='bbox 551 649 684 731; x_wconf 81' lang='lat' dir='ltr'><strong>conferri</strong></span> <span class='ocrx_word' id='word_1_20' title='bbox 688 651 812 733; x_wconf 76' lang='lat' dir='ltr'><strong>possiet.</strong></span> <span class='ocrx_word' id='word_1_21' title='bbox 828 681 867 700; x_wconf 90' lang='lat'><strong>·-</strong></span> <span class='ocrx_word' id='word_1_22' title='bbox 877 653 1081 732; x_wconf 87' lang='lat' dir='ltr'><strong>Distinguen-</strong></span> 
     </span>
     <span class='ocr_line' id='line_1_5' title="bbox 97 741 1084 832; baseline 0.005 -24"><span class='ocrx_word' id='word_1_23' title='bbox 97 749 181 810; x_wconf 89' lang='lat' dir='ltr'><strong>dum</strong></span> <span class='ocrx_word' id='word_1_24' title='bbox 203 756 251 810; x_wconf 91' lang='lat' dir='ltr'><strong>est</strong></span> <span class='ocrx_word' id='word_1_25' title='bbox 272 747 349 827; x_wconf 88' lang='lat' dir='ltr'><strong>quid</strong></span> <span class='ocrx_word' id='word_1_26' title='bbox 361 749 430 828; x_wconf 86' lang='lat' dir='ltr'><strong>lege</strong></span> <span class='ocrx_word' id='word_1_27' title='bbox 448 754 602 812; x_wconf 89' lang='lat' dir='ltr'><strong>statutum</strong></span> <span class='ocrx_word' id='word_1_28' title='bbox 614 751 720 826; x_wconf 87' lang='lat' dir='ltr'><strong>fuerit,</strong></span> <span class='ocrx_word' id='word_1_29' title='bbox 738 749 856 830; x_wconf 82' lang='lat' dir='ltr'><strong>etquid</strong></span> <span class='ocrx_word' id='word_1_30' title='bbox 867 741 1018 832; x_wconf 75' lang='lat' dir='ltr'><strong>Episcopi</strong></span> <span class='ocrx_word' id='word_1_31' title='bbox 1032 768 1084 813; x_wconf 86' lang='lat' dir='ltr'><strong>ra·</strong></span> 
     </span>
     <span class='ocr_line' id='line_1_6' title="bbox 96 845 425 926; baseline 0.003 -18"><span class='ocrx_word' id='word_1_32' title='bbox 96 847 188 908; x_wconf 91' lang='lat' dir='ltr'><strong>leant</strong></span> <span class='ocrx_word' id='word_1_33' title='bbox 201 863 239 907; x_wconf 87' lang='lat' dir='ltr'><strong>ex</strong></span> <span class='ocrx_word' id='word_1_34' title='bbox 249 845 425 926; x_wconf 89' lang='lat' dir='ltr'><strong>privilegia.</strong></span> 
     </span>
    </p>

    <p class='ocr_par' dir='ltr' id='par_1_4' title="bbox 98 944 1083 1903">
     <span class='ocr_line' id='line_1_7' title="bbox 140 944 1082 1026; baseline 0.002 -20"><span class='ocrx_word' id='word_1_35' title='bbox 140 944 217 1006; x_wconf 84' lang='lat' dir='ltr'><strong>Jure</strong></span> <span class='ocrx_word' id='word_1_36' title='bbox 237 944 410 1020; x_wconf 92' lang='lat' dir='ltr'><strong>ordinario,</strong></span> <span class='ocrx_word' id='word_1_37' title='bbox 429 951 550 1009; x_wconf 77' lang='lat' dir='ltr'><strong>tonsura</strong></span> <span class='ocrx_word' id='word_1_38' title='bbox 567 947 711 1026; x_wconf 90' lang='lat' dir='ltr'><strong>qualibet</strong></span> <span class='ocrx_word' id='word_1_39' title='bbox 733 947 784 1009; x_wconf 91' lang='lat' dir='ltr'><strong>die</strong></span> <span class='ocrx_word' id='word_1_40' title='bbox 799 951 831 1009; x_wconf 89' lang='lat' dir='ltr'><strong>et</strong></span> <span class='ocrx_word' id='word_1_41' title='bbox 851 947 930 1010; x_wconf 89' lang='lat' dir='ltr'><strong>hora</strong></span> <span class='ocrx_word' id='word_1_42' title='bbox 943 947 1082 1010; x_wconf 85' lang='lat' dir='ltr'><strong>conferri</strong></span> 
     </span>
     <span class='ocr_line' id='line_1_8' title="bbox 98 1040 1081 1126; baseline 0.005 -23"><span class='ocrx_word' id='word_1_43' title='bbox 98 1045 215 1119; x_wconf 90' lang='lat' dir='ltr'><strong>potest.</strong></span> <span class='ocrx_word' id='word_1_44' title='bbox 231 1040 359 1102; x_wconf 74' lang='lat' dir='ltr'><strong>Maiores</strong></span> <span class='ocrx_word' id='word_1_45' title='bbox 369 1041 483 1104; x_wconf 81' lang='lat' dir='ltr'><strong>ordines</strong></span> <span class='ocrx_word' id='word_1_46' title='bbox 495 1043 607 1106; x_wconf 90' lang='lat' dir='ltr'><strong>dicbus</strong></span> <span class='ocrx_word' id='word_1_47' title='bbox 621 1045 800 1121; x_wconf 81' lang='lat' dir='ltr'><strong>dominicis,</strong></span> <span class='ocrx_word' id='word_1_48' title='bbox 818 1061 854 1107; x_wconf 88' lang='lat' dir='ltr'><strong>ac</strong></span> <span class='ocrx_word' id='word_1_49' title='bbox 868 1045 1014 1126; x_wconf 84' lang='lat' dir='ltr'><strong>quolibet</strong></span> <span class='ocrx_word' id='word_1_50' title='bbox 1029 1047 1081 1108; x_wconf 91' lang='lat' dir='ltr'><strong>die</strong></span> 
     </span>
     <span class='ocr_line' id='line_1_9' title="bbox 98 1138 1082 1218; baseline 0.006 -20"><span class='ocrx_word' id='word_1_51' title='bbox 98 1140 181 1200; x_wconf 85' lang='lat' dir='ltr'><strong>festo</strong></span> <span class='ocrx_word' id='word_1_52' title='bbox 193 1138 332 1218; x_wconf 85' lang='lat' dir='ltr'><strong>duplici,</strong></span> <span class='ocrx_word' id='word_1_53' title='bbox 346 1141 442 1202; x_wconf 85' lang='lat' dir='ltr'><strong>etiam</strong></span> <span class='ocrx_word' id='word_1_54' title='bbox 456 1147 544 1204; x_wconf 85' lang='lat' dir='ltr'><strong>extra</strong></span> <span class='ocrx_word' id='word_1_55' title='bbox 557 1143 724 1204; x_wconf 90' lang='lat' dir='ltr'><strong>missarum</strong></span> <span class='ocrx_word' id='word_1_56' title='bbox 740 1144 907 1218; x_wconf 89' lang='lat' dir='ltr'><strong>solemnia,</strong></span> <span class='ocrx_word' id='word_1_57' title='bbox 925 1143 1082 1206; x_wconf 87' lang='lat' dir='ltr'><strong>matutina</strong></span> 
     </span>
     <span class='ocr_line' id='line_1_10' title="bbox 99 1239 1083 1319; baseline 0.002 -21"><span class='ocrx_word' id='word_1_58' title='bbox 99 1242 209 1298; x_wconf 90' lang='lat' dir='ltr'><strong>tamen</strong></span> <span class='ocrx_word' id='word_1_59' title='bbox 223 1241 368 1316; x_wconf 90' lang='lat' dir='ltr'><strong>tempore</strong></span> <span class='ocrx_word' id='word_1_60' title='bbox 384 1239 602 1302; x_wconf 80' lang='lat' dir='ltr'><strong>conferuntur.</strong></span> <span class='ocrx_word' id='word_1_61' title='bbox 619 1239 711 1301; x_wconf 83' lang='lat' dir='ltr'><strong>Sacri</strong></span> <span class='ocrx_word' id='word_1_62' title='bbox 724 1239 840 1302; x_wconf 76' lang='lat' dir='ltr'><strong>ordines</strong></span> <span class='ocrx_word' id='word_1_63' title='bbox 861 1257 987 1319; x_wconf 89' lang='lat' dir='ltr'><strong>semper</strong></span> <span class='ocrx_word' id='word_1_64' title='bbox 1005 1257 1083 1302; x_wconf 81' lang='lat' dir='ltr'><strong>eon·</strong></span> 
     </span>
     <span class='ocr_line' id='line_1_11' title="bbox 101 1333 1082 1414; baseline 0.006 -21"><span class='ocrx_word' id='word_1_65' title='bbox 101 1333 176 1394; x_wconf 88' lang='lat' dir='ltr'><strong>ierri</strong></span> <span class='ocrx_word' id='word_1_66' title='bbox 201 1333 320 1396; x_wconf 88' lang='lat' dir='ltr'><strong>debent</strong></span> <span class='ocrx_word' id='word_1_67' title='bbox 344 1334 429 1396; x_wconf 91' lang='lat' dir='ltr'><strong>inter</strong></span> <span class='ocrx_word' id='word_1_68' title='bbox 451 1337 620 1398; x_wconf 89' lang='lat' dir='ltr'><strong>missarum</strong></span> <span class='ocrx_word' id='word_1_69' title='bbox 642 1338 807 1414; x_wconf 90' lang='lat' dir='ltr'><strong>solemnia,</strong></span> <span class='ocrx_word' id='word_1_70' title='bbox 833 1355 870 1400; x_wconf 88' lang='lat' dir='ltr'><strong>aa</strong></span> <span class='ocrx_word' id='word_1_71' title='bbox 894 1338 990 1400; x_wconf 91' lang='lat' dir='ltr'><strong>certis</strong></span> <span class='ocrx_word' id='word_1_72' title='bbox 1006 1338 1082 1400; x_wconf 88' lang='lat' dir='ltr'><strong>euni</strong></span> 
     </span>
     <span class='ocr_line' id='line_1_12' title="bbox 100 1431 1083 1516; baseline 0.002 -24"><span class='ocrx_word' id='word_1_73' title='bbox 100 1431 310 1510; x_wconf 81' lang='lat' dir='ltr'><strong>temporibus,</strong></span> <span class='ocrx_word' id='word_1_74' title='bbox 328 1449 399 1511; x_wconf 83' lang='lat' dir='ltr'><strong>quae</strong></span> <span class='ocrx_word' id='word_1_75' title='bbox 417 1439 491 1495; x_wconf 88' lang='lat' dir='ltr'><strong>sunt</strong></span> <span class='ocrx_word' id='word_1_76' title='bbox 508 1433 640 1496; x_wconf 86' lang='lat' dir='ltr'><strong>sabbata</strong></span> <span class='ocrx_word' id='word_1_77' title='bbox 656 1435 690 1496; x_wconf 93' lang='lat' dir='ltr'><strong>iu</strong></span> <span class='ocrx_word' id='word_1_78' title='bbox 705 1435 835 1515; x_wconf 88' lang='lat' dir='ltr'><strong>jejuniis</strong></span> <span class='ocrx_word' id='word_1_79' title='bbox 850 1441 987 1516; x_wconf 87' lang='lat' dir='ltr'><strong>quatuor</strong></span> <span class='ocrx_word' id='word_1_80' title='bbox 1000 1439 1083 1496; x_wconf 85' lang='lat' dir='ltr'><strong>tem-</strong></span> 
     </span>
     <span class='ocr_line' id='line_1_13' title="bbox 101 1528 1083 1611; baseline 0.002 -22"><span class='ocrx_word' id='word_1_81' title='bbox 101 1545 226 1608; x_wconf 89' lang='lat' dir='ltr'><strong>porum,</strong></span> <span class='ocrx_word' id='word_1_82' title='bbox 243 1528 410 1591; x_wconf 86' lang='lat' dir='ltr'><strong>sabbatum</strong></span> <span class='ocrx_word' id='word_1_83' title='bbox 426 1537 499 1593; x_wconf 88' lang='lat' dir='ltr'><strong>aute</strong></span> <span class='ocrx_word' id='word_1_84' title='bbox 512 1532 708 1594; x_wconf 88' lang='lat' dir='ltr'><strong>dominicam</strong></span> <span class='ocrx_word' id='word_1_85' title='bbox 728 1533 896 1611; x_wconf 86' lang='lat' dir='ltr'><strong>passionis,</strong></span> <span class='ocrx_word' id='word_1_86' title='bbox 918 1539 950 1596; x_wconf 86' lang='lat' dir='ltr'><strong>et</strong></span> <span class='ocrx_word' id='word_1_87' title='bbox 970 1531 1083 1592; x_wconf 87' lang='lat' dir='ltr'><strong>sabba·</strong></span> 
     </span>
     <span class='ocr_line' id='line_1_14' title="bbox 99 1626 1082 1710; baseline 0.001 -22"><span class='ocrx_word' id='word_1_88' title='bbox 99 1633 168 1688; x_wconf 87' lang='lat' dir='ltr'><strong>tum</strong></span> <span class='ocrx_word' id='word_1_89' title='bbox 186 1632 342 1689; x_wconf 86' lang='lat' dir='ltr'><strong>sanctum.</strong></span> <span class='ocrx_word' id='word_1_90' title='bbox 369 1626 554 1690; x_wconf 81' lang='lat' dir='ltr'><strong>Consecrata&#39;a</strong></span> <span class='ocrx_word' id='word_1_91' title='bbox 577 1629 812 1709; x_wconf 81' lang='lat' dir='ltr'><strong>Episcoparum</strong></span> <span class='ocrx_word' id='word_1_92' title='bbox 827 1632 863 1692; x_wconf 89' lang='lat' dir='ltr'><strong>iit</strong></span> <span class='ocrx_word' id='word_1_93' title='bbox 882 1630 992 1710; x_wconf 89' lang='lat' dir='ltr'><strong>quovis</strong></span> <span class='ocrx_word' id='word_1_94' title='bbox 1008 1629 1082 1690; x_wconf 89' lang='lat' dir='ltr'><strong>anni</strong></span> 
     </span>
     <span class='ocr_line' id='line_1_15' title="bbox 100 1725 1083 1807; baseline 0.004 -21"><span class='ocrx_word' id='word_1_95' title='bbox 100 1732 256 1804; x_wconf 90' lang='lat' dir='ltr'><strong>tempore,</strong></span> <span class='ocrx_word' id='word_1_96' title='bbox 281 1725 457 1788; x_wconf 84' lang='lat' dir='ltr'><strong>dictamen</strong></span> <span class='ocrx_word' id='word_1_97' title='bbox 481 1728 657 1802; x_wconf 88' lang='lat' dir='ltr'><strong>dominico,</strong></span> <span class='ocrx_word' id='word_1_98' title='bbox 680 1729 728 1790; x_wconf 91' lang='lat' dir='ltr'><strong>vel</strong></span> <span class='ocrx_word' id='word_1_99' title='bbox 746 1727 890 1791; x_wconf 89' lang='lat' dir='ltr'><strong>natalitio</strong></span> <span class='ocrx_word' id='word_1_100' title='bbox 913 1727 1083 1807; x_wconf 84' lang='lat' dir='ltr'><strong>Apostolo-</strong></span> 
     </span>
     <span class='ocr_line' id='line_1_16' title="bbox 99 1822 827 1903; baseline 0.004 -20"><span class='ocrx_word' id='word_1_101' title='bbox 99 1840 182 1896; x_wconf 85' lang='lat' dir='ltr'><strong>rum,</strong></span> <span class='ocrx_word' id='word_1_102' title='bbox 196 1822 245 1886; x_wconf 83' lang='lat' dir='ltr'><strong>vel</strong></span> <span class='ocrx_word' id='word_1_103' title='bbox 261 1839 299 1884; x_wconf 85' lang='lat' dir='ltr'><strong>ex</strong></span> <span class='ocrx_word' id='word_1_104' title='bbox 314 1823 443 1903; x_wconf 91' lang='lat' dir='ltr'><strong>speciali</strong></span> <span class='ocrx_word' id='word_1_105' title='bbox 459 1824 585 1888; x_wconf 91' lang='lat' dir='ltr'><strong>indulto</strong></span> <span class='ocrx_word' id='word_1_106' title='bbox 597 1825 657 1886; x_wconf 91' lang='lat' dir='ltr'><strong>alia</strong></span> <span class='ocrx_word' id='word_1_107' title='bbox 673 1825 725 1887; x_wconf 90' lang='lat' dir='ltr'><strong>die</strong></span> <span class='ocrx_word' id='word_1_108' title='bbox 739 1825 827 1887; x_wconf 87' lang='lat' dir='ltr'><strong>festa.</strong></span> 
     </span>
    </p>

    <p class='ocr_par' dir='ltr' id='par_1_5' title="bbox 138 1920 1081 2000">
     <span class='ocr_line' id='line_1_17' title="bbox 138 1920 1081 2000; baseline 0.002 -18"><span class='ocrx_word' id='word_1_109' title='bbox 138 1920 375 1983; x_wconf 70' lang='lat' dir='ltr'><strong>consuetudine</strong></span> <span class='ocrx_word' id='word_1_110' title='bbox 389 1939 453 1984; x_wconf 92' lang='lat' dir='ltr'><strong>uon</strong></span> <span class='ocrx_word' id='word_1_111' title='bbox 464 1928 570 2000; x_wconf 90' lang='lat' dir='ltr'><strong>potest</strong></span> <span class='ocrx_word' id='word_1_112' title='bbox 581 1923 702 1996; x_wconf 89' lang='lat' dir='ltr'><strong>induci,</strong></span> <span class='ocrx_word' id='word_1_113' title='bbox 714 1931 751 1985; x_wconf 88' lang='lat' dir='ltr'><strong>ut</strong></span> <span class='ocrx_word' id='word_1_114' title='bbox 760 1923 889 1985; x_wconf 87' lang='lat' dir='ltr'><strong>ordines</strong></span> <span class='ocrx_word' id='word_1_115' title='bbox 901 1926 989 1986; x_wconf 85' lang='lat' dir='ltr'><strong>extra</strong></span> <span class='ocrx_word' id='word_1_116' title='bbox 1001 1928 1081 1986; x_wconf 86' lang='lat' dir='ltr'><strong>tem-</strong></span> 
     </span>
    </p>
   </div>
   <div class='ocr_carea' id='block_1_3' title="bbox 97 2019 1080 2102">
    <p class='ocr_par' dir='ltr' id='par_1_6' title="bbox 97 2019 1080 2102">
     <span class='ocr_line' id='line_1_18' title="bbox 97 2019 1080 2102; baseline 0.002 -22"><span class='ocrx_word' id='word_1_117' title='bbox 97 2036 177 2098; x_wconf 90' lang='lat' dir='ltr'><strong>pora</strong></span> <span class='ocrx_word' id='word_1_118' title='bbox 190 2019 405 2081; x_wconf 80' lang='lat' dir='ltr'><strong>conferantur.</strong></span> <span class='ocrx_word' id='word_1_119' title='bbox 429 2021 464 2082; x_wconf 90' lang='lat' dir='ltr'><strong>ld</strong></span> <span class='ocrx_word' id='word_1_120' title='bbox 475 2037 550 2084; x_wconf 88' lang='lat' dir='ltr'><strong>vero</strong></span> <span class='ocrx_word' id='word_1_121' title='bbox 565 2022 753 2084; x_wconf 82' lang='lat' dir='ltr'><strong>conceditur</strong></span> <span class='ocrx_word' id='word_1_122' title='bbox 767 2038 805 2082; x_wconf 85' lang='lat' dir='ltr'><strong>ex</strong></span> <span class='ocrx_word' id='word_1_123' title='bbox 826 2021 1007 2102; x_wconf 88' lang='lat' dir='ltr'><strong>privilegio;</strong></span> <span class='ocrx_word' id='word_1_124' title='bbox 1025 2021 1080 2082; x_wconf 92' lang='lat' dir='ltr'><strong>sed</strong></span> 
     </span>
    </p>
   </div>
   <div class='ocr_carea' id='block_1_4' title="bbox 91 2116 1082 3173">
    <p class='ocr_par' dir='ltr' id='par_1_7' title="bbox 96 2116 1081 2278">
     <span class='ocr_line' id='line_1_19' title="bbox 96 2116 1081 2184; baseline 0.002 -6"><span class='ocrx_word' id='word_1_125' title='bbox 96 2135 174 2179; x_wconf 86' lang='lat' dir='ltr'><strong>usus</strong></span> <span class='ocrx_word' id='word_1_126' title='bbox 195 2116 268 2179; x_wconf 90' lang='lat' dir='ltr'><strong>talis</strong></span> <span class='ocrx_word' id='word_1_127' title='bbox 290 2117 406 2180; x_wconf 89' lang='lat' dir='ltr'><strong>indulti</strong></span> <span class='ocrx_word' id='word_1_128' title='bbox 424 2118 536 2181; x_wconf 88' lang='lat' dir='ltr'><strong>diebus</strong></span> <span class='ocrx_word' id='word_1_129' title='bbox 559 2119 730 2181; x_wconf 85' lang='lat' dir='ltr'><strong>dominicis</strong></span> <span class='ocrx_word' id='word_1_130' title='bbox 754 2119 884 2183; x_wconf 88' lang='lat' dir='ltr'><strong>etiestis</strong></span> <span class='ocrx_word' id='word_1_131' title='bbox 910 2119 1081 2184; x_wconf 87' lang='lat' dir='ltr'><strong>adstrictus</strong></span> 
     </span>
     <span class='ocr_line' id='line_1_20' title="bbox 97 2222 156 2278; baseline 0.034 -2"><span class='ocrx_word' id='word_1_132' title='bbox 97 2222 156 2278; x_wconf 85' lang='lat' dir='ltr'><strong>est.</strong></span> 
     </span>
    </p>

    <p class='ocr_par' dir='ltr' id='par_1_8' title="bbox 94 2312 1081 2784">
     <span class='ocr_line' id='line_1_21' title="bbox 138 2312 1081 2392; baseline 0.002 -16"><span class='ocrx_word' id='word_1_133' title='bbox 138 2318 169 2376; x_wconf 65' lang='grc' dir='ltr'><strong>Ξ.</strong></span> <span class='ocrx_word' id='word_1_134' title='bbox 186 2312 353 2374; x_wconf 82' lang='lat' dir='ltr'><strong>Iatcrstitia</strong></span> <span class='ocrx_word' id='word_1_135' title='bbox 366 2329 421 2376; x_wconf 87' lang='lat' dir='ltr'><strong>seu</strong></span> <span class='ocrx_word' id='word_1_136' title='bbox 442 2319 627 2392; x_wconf 85' lang='lat' dir='ltr'><strong>temporum</strong></span> <span class='ocrx_word' id='word_1_137' title='bbox 644 2313 808 2376; x_wconf 87' lang='lat' dir='ltr'><strong>intervalla</strong></span> <span class='ocrx_word' id='word_1_138' title='bbox 826 2315 910 2378; x_wconf 91' lang='lat' dir='ltr'><strong>inter</strong></span> <span class='ocrx_word' id='word_1_139' title='bbox 932 2334 1030 2380; x_wconf 91' lang='lat' dir='ltr'><strong>uuum</strong></span> <span class='ocrx_word' id='word_1_140' title='bbox 1049 2323 1081 2379; x_wconf 89' lang='lat' dir='ltr'><strong>et</strong></span> 
     </span>
     <span class='ocr_line' id='line_1_22' title="bbox 95 2409 1080 2485; baseline -0.001 -11"><span class='ocrx_word' id='word_1_141' title='bbox 95 2415 235 2474; x_wconf 89' lang='lat' dir='ltr'><strong>alterum</strong></span> <span class='ocrx_word' id='word_1_142' title='bbox 250 2411 397 2472; x_wconf 92' lang='lat' dir='ltr'><strong>ordinem</strong></span> <span class='ocrx_word' id='word_1_143' title='bbox 413 2409 607 2471; x_wconf 88' lang='lat' dir='ltr'><strong>observanda</strong></span> <span class='ocrx_word' id='word_1_144' title='bbox 622 2417 705 2485; x_wconf 82' lang='lat' dir='ltr'><strong>sunt,</strong></span> <span class='ocrx_word' id='word_1_145' title='bbox 721 2417 790 2472; x_wconf 89' lang='lat' dir='ltr'><strong>tum</strong></span> <span class='ocrx_word' id='word_1_146' title='bbox 802 2415 837 2472; x_wconf 87' lang='lat' dir='ltr'><strong>ut</strong></span> <span class='ocrx_word' id='word_1_147' title='bbox 849 2411 958 2473; x_wconf 88' lang='lat' dir='ltr'><strong>clerici</strong></span> <span class='ocrx_word' id='word_1_148' title='bbox 968 2413 1001 2477; x_wconf 91' lang='lat' dir='ltr'><strong>iu</strong></span> <span class='ocrx_word' id='word_1_149' title='bbox 1016 2413 1080 2474; x_wconf 86' lang='lat' dir='ltr'><strong>sin-</strong></span> 
     </span>
     <span class='ocr_line' id='line_1_23' title="bbox 94 2507 1081 2590; baseline -0.002 -20"><span class='ocrx_word' id='word_1_150' title='bbox 94 2509 181 2590; x_wconf 88' lang='lat' dir='ltr'><strong>gulis</strong></span> <span class='ocrx_word' id='word_1_151' title='bbox 207 2507 373 2570; x_wconf 89' lang='lat' dir='ltr'><strong>ordinibus</strong></span> <span class='ocrx_word' id='word_1_152' title='bbox 400 2525 433 2570; x_wconf 91' lang='lat' dir='ltr'><strong>sc</strong></span> <span class='ocrx_word' id='word_1_153' title='bbox 464 2513 648 2580; x_wconf 83' lang='lat' dir='ltr'><strong>exerceant,</strong></span> <span class='ocrx_word' id='word_1_154' title='bbox 674 2513 744 2569; x_wconf 90' lang='lat' dir='ltr'><strong>tum</strong></span> <span class='ocrx_word' id='word_1_155' title='bbox 761 2513 797 2570; x_wconf 89' lang='lat' dir='ltr'><strong>ut</strong></span> <span class='ocrx_word' id='word_1_156' title='bbox 819 2508 984 2569; x_wconf 85' lang='lat' dir='ltr'><strong>inordina</strong></span> <span class='ocrx_word' id='word_1_157' title='bbox 1015 2526 1081 2568; x_wconf 89' lang='lat' dir='ltr'><strong>sus-</strong></span> 
     </span>
     <span class='ocr_line' id='line_1_24' title="bbox 95 2605 1080 2686; baseline -0.004 -16"><span class='ocrx_word' id='word_1_158' title='bbox 95 2612 194 2686; x_wconf 85' lang='lat' dir='ltr'><strong>cepto</strong></span> <span class='ocrx_word' id='word_1_159' title='bbox 215 2605 334 2668; x_wconf 86' lang='lat' dir='ltr'><strong>diutius</strong></span> <span class='ocrx_word' id='word_1_160' title='bbox 352 2606 558 2668; x_wconf 89' lang='lat' dir='ltr'><strong>immorantes</strong></span> <span class='ocrx_word' id='word_1_161' title='bbox 586 2605 714 2686; x_wconf 90' lang='lat' dir='ltr'><strong>probari</strong></span> <span class='ocrx_word' id='word_1_162' title='bbox 736 2606 869 2684; x_wconf 88' lang='lat' dir='ltr'><strong>possint,</strong></span> <span class='ocrx_word' id='word_1_163' title='bbox 890 2621 970 2665; x_wconf 91' lang='lat' dir='ltr'><strong>num</strong></span> <span class='ocrx_word' id='word_1_164' title='bbox 992 2605 1080 2684; x_wconf 82' lang='lat' dir='ltr'><strong>digni</strong></span> 
     </span>
     <span class='ocr_line' id='line_1_25' title="bbox 94 2703 938 2784; baseline -0.005 -17"><span class='ocrx_word' id='word_1_165' title='bbox 94 2706 162 2767; x_wconf 87' lang='lat' dir='ltr'><strong>sint</strong></span> <span class='ocrx_word' id='word_1_166' title='bbox 174 2704 231 2784; x_wconf 91' lang='lat' dir='ltr'><strong>qui</strong></span> <span class='ocrx_word' id='word_1_167' title='bbox 247 2704 286 2764; x_wconf 91' lang='lat' dir='ltr'><strong>ad</strong></span> <span class='ocrx_word' id='word_1_168' title='bbox 301 2703 500 2783; x_wconf 91' lang='lat' dir='ltr'><strong>superiorem</strong></span> <span class='ocrx_word' id='word_1_169' title='bbox 518 2703 665 2766; x_wconf 90' lang='lat' dir='ltr'><strong>ordinem</strong></span> <span class='ocrx_word' id='word_1_170' title='bbox 680 2708 938 2783; x_wconf 86' lang='lat' dir='ltr'><strong>promoveantur.</strong></span> 
     </span>
    </p>

    <p class='ocr_par' dir='ltr' id='par_1_9' title="bbox 91 2798 1082 3173">
     <span class='ocr_line' id='line_1_26' title="bbox 135 2798 1082 2878; baseline -0.006 -13"><span class='ocrx_word' id='word_1_171' title='bbox 135 2802 313 2865; x_wconf 86' lang='lat' dir='ltr'><strong>interstitia</strong></span> <span class='ocrx_word' id='word_1_172' title='bbox 324 2802 408 2863; x_wconf 90' lang='lat' dir='ltr'><strong>inter</strong></span> <span class='ocrx_word' id='word_1_173' title='bbox 421 2801 560 2863; x_wconf 89' lang='lat' dir='ltr'><strong>minores</strong></span> <span class='ocrx_word' id='word_1_174' title='bbox 575 2803 705 2863; x_wconf 90' lang='lat' dir='ltr'><strong>ordines</strong></span> <span class='ocrx_word' id='word_1_175' title='bbox 715 2799 848 2862; x_wconf 89' lang='lat' dir='ltr'><strong>arbitrio</strong></span> <span class='ocrx_word' id='word_1_176' title='bbox 863 2798 1014 2878; x_wconf 78' lang='lat' dir='ltr'><strong>Episcopi</strong></span> <span class='ocrx_word' id='word_1_177' title='bbox 1029 2815 1082 2860; x_wconf 90' lang='lat' dir='ltr'><strong>re-</strong></span> 
     </span>
     <span class='ocr_line' id='line_1_27' title="bbox 91 2897 1082 2974; baseline -0.002 -12"><span class='ocrx_word' id='word_1_178' title='bbox 91 2903 174 2963; x_wconf 80' lang='lat' dir='ltr'><strong>licta</strong></span> <span class='ocrx_word' id='word_1_179' title='bbox 189 2907 273 2974; x_wconf 86' lang='lat' dir='ltr'><strong>sont,</strong></span> <span class='ocrx_word' id='word_1_180' title='bbox 287 2899 375 2962; x_wconf 86' lang='lat' dir='ltr'><strong>itaut</strong></span> <span class='ocrx_word' id='word_1_181' title='bbox 385 2899 436 2960; x_wconf 92' lang='lat' dir='ltr'><strong>isti</strong></span> <span class='ocrx_word' id='word_1_182' title='bbox 452 2897 578 2962; x_wconf 89' lang='lat' dir='ltr'><strong>ordines</strong></span> <span class='ocrx_word' id='word_1_183' title='bbox 590 2897 1082 2961; x_wconf 88' lang='lat' dir='ltr'><strong>eodemdieconlerantur.luter</strong></span> 
     </span>
     <span class='ocr_line' id='line_1_28' title="bbox 93 2996 1082 3076; baseline -0.003 -15"><span class='ocrx_word' id='word_1_184' title='bbox 93 2999 231 3061; x_wconf 87' lang='lat' dir='ltr'><strong>ordines</strong></span> <span class='ocrx_word' id='word_1_185' title='bbox 249 2997 391 3060; x_wconf 89' lang='lat' dir='ltr'><strong>minores</strong></span> <span class='ocrx_word' id='word_1_186' title='bbox 403 3003 436 3062; x_wconf 87' lang='lat' dir='ltr'><strong>et</strong></span> <span class='ocrx_word' id='word_1_187' title='bbox 447 2997 723 3073; x_wconf 87' lang='lat' dir='ltr'><strong>subdiaconatum,</strong></span> <span class='ocrx_word' id='word_1_188' title='bbox 738 2997 816 3060; x_wconf 87' lang='lat' dir='ltr'><strong>item</strong></span> <span class='ocrx_word' id='word_1_189' title='bbox 836 2996 921 3060; x_wconf 91' lang='lat' dir='ltr'><strong>inter</strong></span> <span class='ocrx_word' id='word_1_190' title='bbox 943 2997 1082 3076; x_wconf 87' lang='lat' dir='ltr'><strong>singulos</strong></span> 
     </span>
     <span class='ocr_line' id='line_1_29' title="bbox 92 3094 1081 3173; baseline -0.004 -15"><span class='ocrx_word' id='word_1_191' title='bbox 92 3097 227 3158; x_wconf 90' lang='lat' dir='ltr'><strong>ordines</strong></span> <span class='ocrx_word' id='word_1_192' title='bbox 247 3112 353 3157; x_wconf 90' lang='lat' dir='ltr'><strong>sacros</strong></span> <span class='ocrx_word' id='word_1_193' title='bbox 380 3095 567 3173; x_wconf 86' lang='lat' dir='ltr'><strong>regulariter</strong></span> <span class='ocrx_word' id='word_1_194' title='bbox 594 3095 793 3158; x_wconf 84' lang='lat' dir='ltr'><strong>intercedere</strong></span> <span class='ocrx_word' id='word_1_195' title='bbox 821 3094 917 3156; x_wconf 87' lang='lat' dir='ltr'><strong>debet</strong></span> <span class='ocrx_word' id='word_1_196' title='bbox 944 3094 1081 3172; x_wconf 89' lang='lat' dir='ltr'><strong>spatium</strong></span> 
     </span>
    </p>
   </div>
   <div class='ocr_carea' id='block_1_5' title="bbox 92 3191 1200 3272">
    <p class='ocr_par' dir='ltr' id='par_1_10' title="bbox 92 3191 1200 3272">
     <span class='ocr_line' id='line_1_30' title="bbox 92 3191 1200 3272; baseline 0.001 -16"><span class='ocrx_word' id='word_1_197' title='bbox 92 3195 190 3256; x_wconf 89' lang='lat' dir='ltr'><strong>unius</strong></span> <span class='ocrx_word' id='word_1_198' title='bbox 216 3193 303 3268; x_wconf 86' lang='lat' dir='ltr'><strong>anni,</strong></span> <span class='ocrx_word' id='word_1_199' title='bbox 330 3193 384 3272; x_wconf 91' lang='lat' dir='ltr'><strong>qui</strong></span> <span class='ocrx_word' id='word_1_200' title='bbox 412 3209 479 3254; x_wconf 92' lang='lat' dir='ltr'><strong>uon</strong></span> <span class='ocrx_word' id='word_1_201' title='bbox 509 3193 747 3270; x_wconf 87' lang='lat' dir='ltr'><strong>mathematice,</strong></span> <span class='ocrx_word' id='word_1_202' title='bbox 783 3193 838 3254; x_wconf 92' lang='lat' dir='ltr'><strong>sed</strong></span> <span class='ocrx_word' id='word_1_203' title='bbox 868 3191 1081 3256; x_wconf 84' lang='lat' dir='ltr'><strong>ecclesiastice</strong></span> <span class='ocrx_word' id='word_1_204' title='bbox 1196 3235 1200 3242; x_wconf 40' lang='lat' dir='ltr'><em>f</em></span> 
     </span>
    </p>
   </div>
   <div class='ocr_carea' id='block_1_6' title="bbox 90 3293 1145 3746">
    <p class='ocr_par' dir='ltr' id='par_1_11' title="bbox 91 3293 409 3372">
     <span class='ocr_line' id='line_1_31' title="bbox 91 3293 409 3372; baseline -0.013 -16"><span class='ocrx_word' id='word_1_205' title='bbox 91 3293 334 3372; x_wconf 85' lang='lat' dir='ltr'><strong>computandus</strong></span> <span class='ocrx_word' id='word_1_206' title='bbox 350 3295 409 3352; x_wconf 74' lang='lat' dir='ltr'><strong>est,</strong></span> 
     </span>
    </p>

    <p class='ocr_par' dir='ltr' id='par_1_12' title="bbox 90 3388 1145 3746">
     <span class='ocr_line' id='line_1_32' title="bbox 133 3388 1080 3470; baseline 0 -18"><span class='ocrx_word' id='word_1_207' title='bbox 133 3391 315 3470; x_wconf 82' lang='lat' dir='ltr'><strong>Episcopus</strong></span> <span class='ocrx_word' id='word_1_208' title='bbox 328 3406 402 3470; x_wconf 87' lang='lat' dir='ltr'><strong>erga</strong></span> <span class='ocrx_word' id='word_1_209' title='bbox 413 3407 486 3450; x_wconf 91' lang='lat' dir='ltr'><strong>suos</strong></span> <span class='ocrx_word' id='word_1_210' title='bbox 499 3390 775 3453; x_wconf 86' lang='lat' dir='ltr'><strong>tautumsubditos</strong></span> <span class='ocrx_word' id='word_1_211' title='bbox 790 3406 885 3468; x_wconf 92' lang='lat' dir='ltr'><strong>super</strong></span> <span class='ocrx_word' id='word_1_212' title='bbox 898 3388 1080 3452; x_wconf 86' lang='lat' dir='ltr'><strong>interstitiis</strong></span> 
     </span>
     <span class='ocr_line' id='line_1_33' title="bbox 91 3476 1145 3568; baseline -0.001 -18"><span class='ocrx_word' id='word_1_213' title='bbox 91 3489 278 3568; x_wconf 83' lang='lat' dir='ltr'><strong>dispensat;</strong></span> <span class='ocrx_word' id='word_1_214' title='bbox 296 3489 352 3549; x_wconf 93' lang='lat' dir='ltr'><strong>sed</strong></span> <span class='ocrx_word' id='word_1_215' title='bbox 369 3487 435 3568; x_wconf 89' lang='lat' dir='ltr'><strong>ejus</strong></span> <span class='ocrx_word' id='word_1_216' title='bbox 449 3492 589 3567; x_wconf 86' lang='lat' dir='ltr'><strong>potestas</strong></span> <span class='ocrx_word' id='word_1_217' title='bbox 600 3488 810 3550; x_wconf 86' lang='lat' dir='ltr'><strong>contrahendi</strong></span> <span class='ocrx_word' id='word_1_218' title='bbox 821 3487 1007 3550; x_wconf 88' lang='lat' dir='ltr'><strong>insterstitia</strong></span> <span class='ocrx_word' id='word_1_219' title='bbox 1017 3505 1082 3549; x_wconf 88' lang='lat' dir='ltr'><strong>non</strong></span> <span class='ocrx_word' id='word_1_220' title='bbox 1136 3476 1145 3549; x_wconf 69' lang='lat' dir='ltr'>s</span> 
     </span>
     <span class='ocr_line' id='line_1_34' title="bbox 90 3584 1080 3666; baseline 0 -20"><span class='ocrx_word' id='word_1_221' title='bbox 90 3587 141 3648; x_wconf 86' lang='lat' dir='ltr'><strong>ita</strong></span> <span class='ocrx_word' id='word_1_222' title='bbox 155 3586 344 3666; x_wconf 79' lang='lat' dir='ltr'><strong>porrigitur,</strong></span> <span class='ocrx_word' id='word_1_223' title='bbox 361 3591 396 3648; x_wconf 89' lang='lat' dir='ltr'><strong>ut</strong></span> <span class='ocrx_word' id='word_1_224' title='bbox 421 3586 534 3647; x_wconf 89' lang='lat' dir='ltr'><strong>eadem</strong></span> <span class='ocrx_word' id='word_1_225' title='bbox 556 3584 608 3647; x_wconf 91' lang='lat' dir='ltr'><strong>die</strong></span> <span class='ocrx_word' id='word_1_226' title='bbox 628 3585 692 3646; x_wconf 91' lang='lat' dir='ltr'><strong>duo</strong></span> <span class='ocrx_word' id='word_1_227' title='bbox 715 3586 851 3665; x_wconf 85' lang='lat' dir='ltr'><strong>majores</strong></span> <span class='ocrx_word' id='word_1_228' title='bbox 874 3586 1013 3661; x_wconf 88' lang='lat' dir='ltr'><strong>ordines,</strong></span> <span class='ocrx_word' id='word_1_229' title='bbox 1031 3585 1080 3647; x_wconf 85' lang='lat' dir='ltr'><strong>vel</strong></span> 
     </span>
     <span class='ocr_line' id='line_1_35' title="bbox 90 3681 799 3746; baseline 0 -1"><span class='ocrx_word' id='word_1_230' title='bbox 90 3685 241 3746; x_wconf 91' lang='lat' dir='ltr'><strong>minores</strong></span> <span class='ocrx_word' id='word_1_231' title='bbox 253 3699 328 3745; x_wconf 88' lang='lat' dir='ltr'><strong>cum</strong></span> <span class='ocrx_word' id='word_1_232' title='bbox 341 3681 572 3744; x_wconf 88' lang='lat' dir='ltr'><strong>subdiaconatu</strong></span> <span class='ocrx_word' id='word_1_233' title='bbox 586 3683 799 3745; x_wconf 81' lang='lat' dir='ltr'><strong>conterantur.</strong></span> 
     </span>
    </p>
   </div>
   <div class='ocr_carea' id='block_1_7' title="bbox 0 0 1320 4250">
    <p class='ocr_par' dir='ltr' id='par_1_13' title="bbox 0 0 1320 4250">
     <span class='ocr_line' id='line_1_36' title="bbox 0 0 1320 4250; baseline 0 0"><span class='ocrx_word' id='word_1_234' title='bbox 0 0 1320 4250; x_wconf 95' lang='lat' dir='ltr'><strong> </strong></span> 
     </span>
    </p>
   </div>
  </div>
 </body>
</html>
