2620 4258
476 238 550 283 PARS
571 237 735 283 SPECIALIS.
932 245 936 256 '
1041 239 1096 286 385

126 353 308 434 approbatio
325 355 413 426 cleri,
438 354 597 435 siquidem
617 355 791 434 Episcopus
807 359 854 417 est
868 355 969 416 am‘cus
988 357 1019 416 ia
1036 355 1099 438 sp-

125 453 192 515 aado
207 452 366 534 lcqialutor.
388 453 515 514 Etenim
537 451 699 532 Episcopi,
724 469 798 514 cum
821 452 884 515 sint
908 453 1098 534 preshyteris

125 553 311 633 superiores,
327 557 358 613 et
369 552 401 611 in
413 551 577 612 dioecesim
588 551 753 613 obtineant
760 551 1016 630 jurisdictionem
1027 571 1098 630 quae

125 650 345 729 complectitur
370 655 561 729 potestatem
588 649 808 728 legislativum,
835 656 967 730 possunt
988 669 1045 730 per
1065 668 1100 712 se

125 749 206 826 ipsos
225 747 322 808 etiam
335 748 368 806 in
383 748 503 826 synodo
521 749 606 826 leges
621 747 773 821 condere,
790 748 852 807 nisi
867 749 1006 810 Ecclesia
1020 767 1099 811 con-

125 863 250 908 sensum
275 846 352 907 cleri
376 845 526 924 requirat.
553 845 649 924 Atqui
670 847 757 907 nullo
784 863 906 926 canone
928 847 1100 924 requiritur

124 945 200 1006 cleri
216 945 389 1006 consensus
412 943 525 1024 majori
543 943 764 1024 suffragiorum
780 948 868 1021 parte
891 944 1098 1005 exhibendus.

161 1043 336 1103 Difficultas
350 1041 526 1103 nonoritur
542 1057 579 1102 ex
593 1059 630 1102 eo
646 1043 731 1119 quod
746 1041 892 1119 quaedam
906 1047 1021 1104 statuta
1036 1043 1101 1103 sul-

123 1139 229 1218 lragiis
242 1139 318 1200 cleri
334 1139 463 1202 condita
477 1139 606 1200 luerint.
626 1139 784 1216 Equidem
796 1141 941 1200 nonnulli
951 1141 1101 1219 Episcopi

124 1247 234 1318 sponte
249 1242 475 1299 concesserunt
490 1229 615 1298 clericis
638 1238 820 1298 facultatem
836 1237 1033 1316 approbandi
1047 1239 1102 1300 de-

123 1344 224 1410 creta;
240 1338 295 1398 sed
311 1353 348 1397 ex
362 1336 463 1397 libera
477 1335 684 1397 concessione
701 1336 780 1396 nihil
795 1336 938 1398 infertur.

161 1436 269 1512 Neque
282 1433 452 1513 objiciatur
462 1433 648 1495 Pontifieale
661 1435 747 1495 clero
752 1434 804 1512 jus
812 1434 951 1512 suffragii
960 1434 1100 1496 tribuere

121 1534 169 1595 his
197 1532 332 1594 verbis:
365 1553 380 1591 a
405 1535 568 1612 Leguntur
592 1532 836 1594 constitutiones
863 1550 920 1611 per
944 1535 1101 1613 synodum

121 1630 349 1710 approbandam
371 1648 442 1709 quac
460 1631 599 1708 placent,
617 1646 674 1707 per
693 1631 801 1690 Patres
824 1631 1064 1692 confirmantur.
1083 1655 1096 1688 u

122 1731 200 1789 Nam
223 1728 283 1789 iste
309 1728 421 1790 titulus
445 1726 641 1788 pontificalis
673 1728 820 1789 convenit
847 1729 941 1789 simul
965 1729 1102 1791 coucilia

122 1825 306 1906 provinciali
322 1831 353 1888 et
366 1826 488 1905 synodo
502 1824 700 1886 dioecesanae.
717 1825 823 1888 Verba
838 1825 964 1905 objecta
974 1845 1039 1888 non
1054 1845 1103 1889 su·

121 1929 252 1986 montur
270 1925 304 1984 in
319 1924 431 1986 stricto
446 1939 541 1984 sensu
565 1924 670 2000 quoad
689 1924 864 2002 synodum;
881 1923 1102 2008 intelliguntur

121 2041 197 2085 vero
211 2024 251 2084 de
263 2022 402 2084 concilio
417 2020 604 2101 provinciali
618 2021 651 2080 in
667 2039 730 2100 qno
746 2023 852 2100 plures
867 2021 1017 2102 Episcopi
1030 2025 1103 2080 sunt

121 2123 327 2202 legislatores.
344 2121 435 2184 Unde
449 2120 654 2200 congregatio
668 2121 797 2183 concilii
810 2121 989 2182 Tridentini
1004 2120 1104 2181 inter-

121 2240 193 2303 pres
202 2220 391 2283 declaravit:
411 2219 614 2298 «Episcopus
629 2223 735 2297 potest
745 2220 777 2282 in
792 2220 914 2300 synodo
926 2214 1103 2280 dioecesana

122 2319 365 2383 constitutiones
388 2319 494 2378 iacere
511 2315 630 2394 absque
649 2317 806 2377 consensu
821 2322 852 2379 et
873 2316 1103 2396 approbatione

123 2417 218 2491 cleri3
244 2415 339 2478 debet
357 2422 466 2477 tamen
489 2413 653 2491 requirere
673 2413 843 2474 consilium
866 2414 1013 2492 capituli;
1041 2433 1105 2476 nnn

123 2515 270 2577 obstante
280 2515 379 2594 quod,
396 2532 433 2576 ex
443 2514 546 2574 forma
559 2512 683 2574 romani
693 2511 891 2594 Pontificulis,
906 2515 1105 2576 constitutio-

121 2632 180 2676 nes
194 2613 227 2673 in
243 2613 365 2693 synodo
378 2610 581 2691 publicandae
595 2628 614 2671 a
628 2609 776 2672 Patribus
790 2627 848 2688 per
863 2608 994 2672 verbum
1005 2611 1106 2692 placet

122 2711 364 2772 confirmentur.
382 2730 397 2766 u

164 2809 202 2871 ΙΙ.
228 2807 375 2886 Synodus
399 2804 545 2867 instituta
562 2805 632 2880 fuit,
657 2823 723 2866 non
750 2805 790 2865 ad
817 2804 1029 2880 limitandam,
1049 2807 1103 2868 sed

122 2907 162 2967 ad
178 2906 399 2968 instruendam
413 2904 563 2983 Episcopi
578 2903 811 2965 auctoritatem.
826 2905 904 2965 Cum
916 2905 1105 2966 lansenistm

123 3007 308 3082 spargerent
321 3001 469 3064 notiones
483 3000 628 3078 genuine
644 3001 840 3079 synodorum
853 3002 934 3063 ideae
946 3002 1062 3062 alienas
1075 3010 1108 3065 et

122 3098 346 3164 constitutioni
367 3097 518 3160 Ecclesiae
533 3099 718 3171 contrarias,
736 3101 810 3162 Pius
827 3103 879 3175 vl,
896 3101 929 3160 in
952 3101 1107 3162 constitu-

122 3199 213 3260 tione
227 3199 385 3259 Auctorem
403 3195 484 3278 fider',
502 3197 680 3258 doctrinam
701 3199 814 3280 synodi
834 3198 1035 3261 Pistoriensis
1057 3215 1107 3260 re-

122 3295 285 3376 probavit.
300 3296 463 3355 Damnatae
476 3297 548 3353 sunt
567 3291 635 3354 istm
650 3296 904 3373 propositiones:

169 3415 184 3451 a
200 3397 243 3456 9⁸.
256 3392 408 3454 Doctrina
420 3409 491 3470 quae
505 3391 615 3460 statuit
627 3389 865 3471 reformationem
875 3393 1017 3456 abaaucm
1030 3395 1108 3456 circo

124 3491 347 3552 ecclesiasticam
357 3488 552 3570 dismpliaum,
563 3488 593 3548 ia
601 3488 719 3570 synodis
728 3489 902 3567 draccesam‘s,
914 3491 950 3552 ab
960 3493 1107 3575 Eptrcopo

125 3597 156 3649 et
176 3588 314 3670 parochis
337 3586 490 3669 equaliter
509 3583 635 3667 pendere
656 3593 685 3646 et
707 3586 836 3649 stabiliri
851 3588 972 3666 deber&
991 3609 1026 3651 ac
1047 3591 1109 3653 siue
