2620 4258
501 197 575 246 raas
596 195 761 246 serenus.
1066 195 1117 262 sae

101 307 103 310 ’
181 317 211 376 l.
228 315 344 379 Omnes
358 313 509 394 Episcopi
526 314 725 395 suffraganci,
736 312 832 375 etiam
847 311 1028 394 Episcopus
1038 331 1119 374 uon-

144 407 220 470 dum
234 415 435 471 consecratus
453 410 686 488 possessionem
703 409 848 486 adeptus
922 487 925 493 V

180 511 209 569 2.
235 507 385 586 Episcopi
406 508 545 586 exempti
565 509 619 586 qui
639 507 774 568 vicinam
796 505 991 586 provinciam
1016 507 1120 585 elege-

145 613 231 668 runt.

184 707 212 766 3.
244 705 366 766 Preelali
394 721 451 765 scu
479 704 610 767 abbates
637 706 791 786 populum
816 709 846 767 ct
867 703 1121 784 jurisdictionem

144 801 640 882 quasi-episcopalemhahentes

59 981 66 988 =
180 903 210 959 ll.
229 899 290 960 Alii
298 899 448 980 Episcopi
461 901 636 978 generatim
650 917 714 962 non
725 903 797 960 sunt
805 899 950 973 vocandi,
970 897 1122 978 tumquia

139 997 342 1076 Metropolita
356 1015 421 1059 non
438 998 534 1060 habet
556 1003 745 1078 potestatem
760 997 793 1056 in
809 1013 875 1070 eos,
890 1002 958 1058 tum
972 997 1045 1075 quia
1060 997 1121 1076 ipsi

136 1097 395 1176 jurisdictionem
405 1097 437 1157 in
447 1097 611 1178 provincia
624 1115 690 1158 nou
704 1093 861 1158 obtinent.
876 1094 1122 1169 Attamen‚dum

141 1196 281 1257 existunt
296 1195 330 1256 in
349 1195 428 1258 urhe
444 1194 584 1269 concilii,
603 1195 663 1256 rite
677 1193 801 1255 invitari
816 1194 962 1254 etadesse
978 1197 1120 1272 possunt,

139 1293 320 1374 praesertim
333 1293 359 1354 si
373 1312 432 1356 vox
446 1283 571 1355 ‘tantum
585 1293 693 1354 consul
701 1292 761 1354 tiva
777 1292 822 1352 eis
835 1293 1040 1352 concedatur.

182 1395 213 1453 5.
245 1391 393 1471 Episcopi
417 1391 565 1472 impediti
589 1392 721 1452 mittunt
736 1398 943 1470 procuratores
964 1407 1047 1462 sune,
1069 1389 1123 1468 qui

140 1508 252 1554 vocem
275 1486 446 1552 decisi'vam
463 1491 580 1552 habere
596 1495 738 1568 possunt,
756 1489 781 1549 si
800 1489 937 1549 concilio
956 1487 1122 1566 placuerit.

181 1591 219 1652 ll.
232 1589 407 1650 Innituntur
418 1605 455 1650 ex
464 1592 544 1667 ¹lure,
556 1589 709 1650 accedere
719 1606 785 1678 npn
794 1593 952 1660 tenentur,
965 1603 1001 1646 ac
1012 1601 1123 1647 vocem

142 1687 514 1750 consultivamhabent:
649 1682 652 1690 ’

184 1792 214 1849 l.
231 1785 369 1850 Abbates
385 1785 559 1864 simplices,
581 1803 637 1848 seu
660 1783 925 1846 monasteriorum
945 1781 1124 1862 superiores
1187 1859 1189 1866 Α

39 1931 40 1936 .
142 1885 197 1966 qui
209 1884 465 1964 jurisdictionem
485 1884 517 1944 in
536 1883 709 1946 monachos
727 1882 874 1944 obtinent
899 1881 968 1942 sine
991 1880 1122 1959 populo.
1206 1949 1208 1952 ¹

185 1987 215 2046 E.
235 1983 380 2062 Capitula
395 1983 589 2046 cathedralia
603 1999 672 2060 quae
689 1987 821 2061 possunt
832 1981 983 2042 interesse
1000 1996 1056 2058 per
1069 1979 1126 2040 de-

141 2087 282 2161 puratos.
302 2082 384 2144 Sede
399 2087 540 2156 vacante,
561 2081 705 2145 'vicarius
718 2079 901 2160 capitularis
913 2095 1025 2140 vocem
1041 2075 1127 2138 decl-

144 2181 244 2242 sivam
258 2179 355 2242 habet
369 2180 401 2240 in
416 2180 564 2242 concilio.
1080 2211 1083 2242 l
1111 2233 1113 2242 .

183 2285 237 2346 lll.
261 2285 380 2346 Praeter
394 2271 475 2357 illos,
493 2283 546 2344 alii
562 2281 659 2344 etiam
675 2283 907 2344 admittuntur:

185 2385 215 2442 l.
241 2381 363 2460 Singuli
381 2383 489 2443 Patres
514 2397 613 2443 unum
643 2385 697 2441 aut
721 2381 828 2460 plures
856 2378 915 2440 sibi
948 2376 1129 2439 adsciscunt
1215 2371 1218 2380 ¹

144 2479 349 2562 presbyteros
364 2481 449 2541 velut
465 2479 631 2558 theologos
645 2485 677 2538 et
689 2477 878 2552 canonistas,
895 2493 1032 2556 quorum
1050 2476 1127 2536 doc·

144 2579 229 2640 trina
244 2583 372 2638 utantur
383 2578 424 2637 ad
437 2595 487 2638 res
506 2566 736 2639 discutiendas
811 2651 816 2658 f

156 2715 158 2722 ,
187 2666 216 2738 2.
244 2675 472 2736 admittuntur
485 2674 581 2735 etiam
601 2661 841 2750 plures'oleriei
863 2670 918 2750 qui
945 2687 963 2732 a
981 2668 1128 2732 Patribus

147 2774 389 2836 constituuntur
402 2773 536 2834 Concilii
554 2770 712 2854 Qfficr'crles.
735 2779 738 2782 '

187 2877 216 2934 3.
241 2871 326 2934 Laici
343 2888 478 2950 quorum
491 2871 605 2932 merita
616 2867 1129 2948 suntspectabiliaetinterventus

147 2973 231 3034 sorte
245 2976 454 3050 opportunus
471 2968 598 3029 admitti
612 2974 754 3048 possunt.
771 2971 931 3042 Attamen,
950 2965 1054 3044 inquit
1067 2965 1128 3026 Be-

147 3069 297 3130 nedictus
311 3069 391 3142 XIV,
406 3073 498 3128 caute
513 3067 546 3126 in
564 3067 626 3128 hoc
654 3083 686 3127 se
711 3071 822 3145 gerant
847 3064 1008 3144 Episcopi,
1024 3079 1129 3142 neque

147 3166 246 3226 nimis
259 3165 367 3226 faciles
383 3181 415 3225 sc
436 3163 599 3242 praebeant
611 3163 643 3222 in
658 3163 747 3224 laicis
770 3161 952 3236 inritandis,
977 3177 1018 3222 nc
1043 3162 1128 3240 quod

148 3265 189 3326 ab
209 3263 302 3324 initio
328 3281 367 3326 ex
391 3261 570 3324 urbanitate
591 3261 748 3344 procedit,
775 3265 880 3322 tractu
902 3258 1056 3338 temporis
1077 3260 1132 3320 liat
1162 3269 1164 3274 '

148 3362 334 3429 necessitas.
713 3365 715 3370 '
