2620 4258
474 259 547 304 rins
567 258 731 304 srncrans.
1015 319 1017 324 ,
1037 260 1089 307 eta

115 373 174 434 tuti
202 379 275 435 sunt
312 376 424 436 eadem
457 391 561 450 causa,
605 393 667 454 qua
700 376 909 454 Metropolitae
946 377 1091 454 pluribus

116 471 281 551 Episcopis
308 471 538 551 praeficiuntur.
568 472 657 534 Sicut
681 473 916 551 Metropolitani
942 473 1091 534 dicuntur

115 567 263 647 Episcopi
286 571 341 648 qui
353 569 483 648 singulis
495 569 666 648 provinciis
680 571 863 648 praesident,
881 571 924 632 ita
938 571 1091 632 Primates

115 665 148 724 in
164 666 292 729 natione
311 667 429 745 primas
444 667 535 729 sedes
551 667 747 754 episcopales
760 668 916 730 obtinent.

151 765 250 824 11.1n
274 765 446 832 Occidente
473 765 625 826 Primores
641 765 773 844 proprio
799 768 929 828 nomine
944 763 1092 844 appellati

113 866 188 922 sunt
211 861 360 942 Episcopi
387 863 513 925 sedium
546 863 661 942 quibus
685 863 862 926 vicariatus
893 862 1092 942 Apostolicus

116 960 425 1038 quondamadnexus
437 960 505 1023 fuit.
521 963 618 1022 Erant
630 961 837 1041 Legati-nati;
856 961 961 1022 solum
974 975 1092 1021 nomen

113 1055 180 1119 sine
193 1057 256 1118 ulla
268 1041 423 1136 potestate
440 1058 502 1120 illis
515 1059 666 1120 relictum
687 1063 745 1120 est.
769 1060 868 1129 Onam
890 1059 1024 1137 gradum
1037 1057 1092 1118 ha-

114 1153 190 1216 bere
202 1160 382 1230 censentur,
402 1174 431 1218 va
451 1173 482 1234 g.
497 1155 673 1233 Episcopus
695 1157 866 1218 Toletanus
879 1155 910 1214 in
926 1153 1088 1234 Hispania,

113 1252 333 1331 Lugdunensis
348 1252 381 1312 in
393 1251 501 1328 Gallia,
512 1251 745 1322 cantuariensis
758 1253 924 1332 inAnglia,
940 1250 1091 1314 salisbur-

112 1349 217 1429 gensis
229 1349 262 1409 in
278 1350 455 1410 Germania.
1028 1394 1030 1398 ,

151 1447 205 1506 ΙΙΙ.
228 1448 264 1506 In
277 1445 404 1506 Oriente
424 1451 488 1511 tres
505 1448 633 1509 suerunt
648 1445 811 1520 Exurcboe,
841 1448 935 1524 paulo
960 1445 1100 1524 quidem

90 1537 303 1606 'Patriarcbis
323 1537 497 1600 inferiores.
522 1542 682 1602 Praeerant
702 1539 893 1600 dioecesibus
920 1538 1037 1616 Ephesi
1058 1539 1092 1600 in

109 1635 200 1712 Asia,
217 1637 366 1698 Oaesareae
379 1635 412 1696 in
427 1638 538 1710 Ponte,
556 1638 716 1698 Heraclea
735 1637 769 1696 in
792 1636 934 1700 Thracia.
960 1637 1023 1698 Sed
1041 1653 1093 1698 eo-

111 1749 185 1793 rum
199 1733 273 1811 jura
294 1734 410 1794 sensim
426 1734 594 1796 imminuta
615 1735 807 1813 jamdudum
830 1733 1031 1810 interierunt,
1051 1734 1093 1794 si-

112 1829 244 1908 quidem
265 1847 302 1892 ex
314 1830 443 1892 illorum
454 1831 627 1909 provinciis
639 1837 762 1894 erectus
781 1833 841 1893 fuit
857 1831 1090 1894 patriarchatus
1156 1869 1158 1873 ι

113 1925 494 2005 constantinopolitanus.

281 2126 284 2131 ·
401 2117 425 2164 3.
437 2091 512 2176 Origo
527 2115 737 2178 Metropolitanum
752 2113 796 2178 (1).

149 2267 173 2326 i.
197 2265 393 2346 Metropolitae
407 2267 556 2327 dicuntur
570 2267 719 2347 Episcopi
734 2269 798 2346 qui,
821 2273 936 2346 praeter
951 2267 1089 2346 propriae

113 2363 257 2425 diaecesis
276 2364 431 2442 regimen,
458 2364 513 2425 uni
536 2370 677 2443 praesunt
696 2366 880 2444 provinciae,
901 2367 1089 2442 caeterisque

111 2461 143 2522 in
156 2479 194 2524 ea
208 2461 416 2524 existentibus
428 2463 605 2542 Episcopis.
627 2463 787 2535 Provincia
804 2469 850 2524 est
872 2463 1020 2541 quaedam
1035 2479 1089 2524 ec-

111 2559 281 2622 clesiastici
293 2559 445 2622 territorii
461 2577 543 2639 pare,
556 2559 701 2638 pluribus
723 2565 869 2621 constans
883 2556 1086 2634 dioecesibuS,

112 2674 249 2737 quarum
263 2659 413 2737 Episcopi
429 2664 652 2737 nuncupantur
673 2657 867 2738 suffraganei,
892 2673 929 2716 eo
950 2656 1037 2733 quod
1057 2655 1090 2714 in

113 2755 299 2834 provinciali
319 2757 455 2819 concilio
469 2758 521 2836 jus
539 2756 678 2836 suffragii
703 2756 852 2817 habeant.
878 2752 1089 2831 Metropolitae

111 2858 264 2914 vocantur
278 2854 373 2916 etiarn
386 2853 626 2932 Archiepisoopi
642 2873 649 2914 :
666 2854 735 2914 haec
753 2852 884 2914 nomina
902 2852 1089 2930 plerumque

113 2949 201 3010 idem
214 2951 410 3030 significant;
425 2956 565 3014 attamen
573 2953 599 3013 si
608 2952 772 3031 contingat
781 2955 814 3011 ut
823 2949 1090 3026 Archiepiscopus

113 3049 216 3110 nullos
230 3049 404 3128 Episcopus
429 3051 640 3130 suffraganeos
661 3049 788 3125 habeat,
810 3045 1011 3124 Metropolita
1026 3063 1090 3106 non

20 3193 21 3218 ,
112 3147 300 3224 appellatur.

151 3244 190 3304 ll.
215 3246 259 3304 De
274 3245 546 3322 Metropolitarum
560 3201 683 3326 origiue
696 3243 857 3304 immerito
876 3241 1091 3302 vcontroverti·

113 3337 165 3414 tir,
183 3357 260 3401 num
279 3341 338 3402 ista
354 3342 490 3422 dignitas
505 3343 545 3403 ab
559 3341 729 3421 Apostolis,
747 3357 786 3400 an
800 3344 873 3417 post
889 3355 1000 3399 eorum
1016 3344 1091 3401 aetu-
1134 3347 1138 3355 '

112 3441 177 3497 tem
193 3438 232 3499 ab
256 3439 398 3500 Ecclesia
423 3439 517 3500 fuerit
544 3439 684 3501 inducta.
710 3440 756 3499 Ex
777 3453 871 3516 supra
896 3437 1014 3513 dietis,
1030 3437 1089 3515 ipsi

145 3593 382 3660 (1)Thomassinus,
397 3595 470 3645 Vetus
485 3597 510 3644 et
520 3595 591 3646 Nouo
601 3595 721 3646 Ecclesiae
736 3593 885 3657 Disciplina,
897 3600 919 3643 t.
937 3595 957 3655 1,
974 3594 1019 3644 lib.
1034 3592 1053 3644 1.
