2604 4270
241 195 275 242 d!
412 193 569 242 uxrosmo
589 191 766 242 BETHODICA
789 192 873 238 touls
894 189 1049 238 canumet.

422 403 536 464 Quasrro
548 405 582 455 1¹.
599 403 676 454 -De
691 413 825 452 mnonrars
835 412 981 450 oosuauers
997 401 1041 462 (1).

276 557 299 616 l.
316 553 559 616 Eorumindoles.
577 587 617 600 -
629 553 770 616 Ganones
786 553 860 614 fidei
872 557 956 626 sunt,
971 553 1004 613 in
1021 551 1139 631 quibus
1153 553 1212 613 ali-

238 652 316 732 quid
337 653 534 714 credendum
549 652 746 731 proponitur.
769 653 912 730 Ipsorum
925 649 1088 730 obJectum
1102 653 1151 709 est
1165 664 1214 708 re·

239 751 313 812 ritas
323 750 627 823 divinitusrevelata,
638 754 669 810 et
678 748 872 810 abomnibus
883 747 1029 809 fidelihus
1039 745 1211 808 credenda.

278 851 426 910 Attamen
444 866 508 910 non
518 865 628 909 omnes
643 863 790 921 canones,
805 846 838 906 in
850 846 964 924 quibus
976 845 1090 907 veritas
1108 843 1216 921 aliqua

238 947 430 1022 enuntiatur,
454 945 607 1008 continuo
626 943 798 1024 dogmatici
814 943 952 1006 habendi
972 950 1064 1017 sunt3
1083 943 1216 1020 dogma·

237 1045 318 1106 ticos
337 1045 422 1105 enim
445 1059 582 1105 canones
601 1043 749 1117 dicimus,
769 1041 823 1120 qui
845 1042 1011 1104 catholicae
1030 1041 1103 1102 tidei
1122 1057 1217 1119 regu·

237 1141 375 1202 lamsive
391 1143 539 1220 dogmata
551 1140 689 1203 tradunt.
701 1141 1082 1219 Dogmaverodeflnitur:
1106 1137 1216 1200 Veritas

237 1239 326 1300 alteo
335 1239 462 1300 revelata
470 1247 498 1299 et
510 1237 547 1298 cd
558 1237 698 1299 Ecclesiae
706 1233 872 1318 magisterio
877 1238 1029 1320 proposito
1039 1245 1073 1297 ut
1082 1235 1215 1319 fimiter

236 1337 389 1400 credenda.
413 1339 482 1398 Duo
500 1336 597 1415 igitur
618 1337 853 1411 desiderantur,
880 1343 915 1398 ut
936 1353 1039 1398 canon
1057 1335 1216 1396 habeatur

238 1436 457 1516 dogmaticus:
485 1431 638 1510 Primum,
662 1435 767 1496 divina
793 1435 941 1496 revelatio
966 1435 1050 1496 illius
1072 1431 1217 1495 veritatis

237 1552 309 1614 quae
332 1535 366 1594 in
394 1550 514 1596 canone
532 1533 683 1607 docetur;
701 1534 846 1606 alterum,
869 1533 1018 1594 Ecclesiae
1039 1530 1217 1611 propositio

237 1650 310 1694 cum
329 1633 521 1712 obligatione
543 1633 705 1695 credendi.
721 1634 800 1694 Cum
814 1631 955 1694 Christus
974 1630 1126 1693 Ecclesiae
1140 1645 1217 1709 pro·

238 1729 361 1791 miserit
386 1729 608 1806 assistentiam,
642 1731 817 1792 secundum
842 1729 953 1811 nequit
978 1730 1100 1804 adesse,
1133 1727 1215 1807 quin

237 1829 376 1906 primum
387 1827 573 1906 reperiatur.

276 1927 318 1989 ll.
337 1925 425 1986 Notoe
438 1943 578 1984 cononum
592 1923 831 2006 dogmaticorum.
842 1961 881 1972 -
891 1926 939 1987 Ad
951 1925 1108 2006 ejusmodi
1120 1941 1218 1986 cano·

237 2040 312 2084 nem
331 2024 594 2104 dignoscendum,
625 2041 690 2085 non
717 2043 796 2106 opus
823 2032 870 2088 est
892 2031 927 2088 ut
946 2025 1154 2104 inquiramus,
1172 2040 1217 2084 an

239 2123 386 2183 doctriua
407 2121 491 2182 illius
510 2122 544 2182 in
564 2121 660 2183 verbo
676 2124 731 2184 Dei
745 2125 956 2197 contineatur,
972 2141 1046 2186 cum
1062 2123 1141 2184 fides
1160 2139 1216 2183 ca·

236 2221 357 2283 thelica
371 2219 555 2282 revelationi
573 2221 717 2300 profecto
738 2222 910 2297 inuitatum
934 2224 990 2284 sed
1012 2222 1085 2283 satis
1100 2221 1162 2283 erit
1184 2221 1214 2281 si
1235 2221 1237 2224 ’

238 2323 363 2380 constet
386 2317 565 2380 doctrinam
592 2319 722 2380 canonis
745 2319 784 2382 ab
811 2321 952 2382 Ecclesia
972 2325 1123 2398 tanquam
1137 2317 1217 2380 fidei

238 2414 354 2493 dogma
364 2415 560 2495 propositam
575 2433 654 2478 esse.

277 2514 319 2576 Ut
333 2513 546 2592 intelligamus
565 2532 604 2586 an
620 2515 765 2577 doctrina
783 2516 912 2578 canonis
929 2517 1117 2597 simpliciter
1129 2533 1216 2580 asse·

236 2615 333 2688 ratur,
360 2629 400 2672 an
420 2613 516 2674 etiam
530 2619 729 2692 proponatur
743 2615 859 2694 dogma
873 2615 958 2691 tidei,
975 2616 1092 2694 duplex
1104 2617 1217 2694 regula

236 2714 342 2788 potest
355 2709 516 2772 adhiberi:
531 2713 673 2773 Canones
683 2711 768 2773 enim
779 2713 952 2793 dogmatici
961 2715 1214 2792 constituuntur,

235 2809 284 2872 vel
298 2811 329 2870 l⁰
350 2807 408 2870 sub
427 2809 529 2870 forma
547 2809 743 2892 affimativa,
764 2812 812 2873 vel
827 2815 858 2872 2⁰
873 2811 935 2884 sul)⁴
948 2813 1049 2877 torma
1061 2813 1216 2894 negativa.

275 2906 381 2969 Prima
394 2907 497 2988 regula
507 2927 519 2968 :
537 2909 678 2971 Ganones
696 2910 866 2989 dogmatici
880 2915 1061 2974 statuuntur
1072 2911 1216 2976 affirma·

236 3005 309 3084 live,
327 3007 452 3086 quando
469 3007 610 3069 Ecclesia
621 3007 785 3070 veritatem
797 3011 967 3072 revelatam
977 3011 1082 3086 docet,
1100 3011 1218 3073 fldem-

236 3120 297 3180 que
321 3105 428 3184 exigit.
454 3107 492 3168 V.
518 3123 548 3185 g.
569 3105 644 3166 Pius
669 3108 721 3182 IX,
751 3108 966 3186 dogmaticam
988 3108 1213 3172 definitionem

236 3201 451 3266 Immaculata
462 3205 684 3284 Conceptionis
700 3207 735 3269 Β.
757 3209 795 3270 V.
811 3207 917 3268 Marias
929 3207 1053 3287 judicio
1066 3208 1212 3269 affirma-

129 3312 131 3316 ·
236 3297 300 3359 tivo
328 3302 542 3378 pronuntiavit
567 3322 575 3365 :
601 3301 764 3385 Desinemus
788 3301 1022 3370 doctrinam.....
1042 3323 1099 3368 esse
1116 3303 1216 3368 aDeo

268 3485 300 3546 (1)
308 3483 397 3544 Soglia,
407 3483 577 3534 institutiones
582 3488 655 3550 juris
662 3485 757 3550 publici
761 3486 929 3550 ecclesiastici,
942 3502 1001 3550 pars
1010 3491 1031 3552 1,
1043 3488 1075 3553 ἐξ
1086 3491 1160 3552 9,10,
1169 3492 1211 3542 11.

236 3579 267 3602 ⁶-
280 3564 400 3618 llelelalor
409 3565 485 3628 cmo,
495 3565 533 3616 De
541 3564 601 3617 locis
615 3565 771 3630 theologicis,
782 3567 827 3619 lib.
841 3568 871 3632 V,
884 3581 943 3630 cap.
956 3579 983 3619 v.
