2626 4258
488 251 563 298 PARS
585 252 750 302 sentitus,
1056 254 1108 302 389

128 366 265 446 utentes,
281 331 443 450 duplicem
457 370 541 434 viam
560 371 660 436 secuti
684 375 780 432 sunt:
798 369 851 432 aur
872 371 932 434 suu
946 371 1108 434 vindicant
1205 428 1209 436 .

128 464 313 532 facultatem
327 470 518 532 immutandi
540 475 656 532 statuta
677 470 891 549 capitulorum
915 469 975 550 (l);
996 469 1060 545 alii,
1073 487 1107 532 re

129 568 253 626 mature
268 583 424 646 perpensa
438 567 476 627 ed
490 583 635 628 normam
647 566 738 645 juris,
754 567 901 646 capitulis
917 567 1107 630 dimiserunt
1193 623 1196 629 ,

127 677 239 724 euram
253 665 410 728 revisendi
422 683 479 728 sua
493 668 619 742 statuta,
638 665 700 728 sihi
716 671 876 730 reservato
893 666 967 748 jure
985 683 1021 728 ea
1035 684 1108 746 pro-

128 757 297 843 bandiffi).
596 766 603 778 ⁸

261 962 318 1026 §a
334 989 364 1001 -
374 943 503 1016 retuso
514 961 630 1030 caperon
646 962 817 1018 cathedralis
830 962 866 1016 ao
882 965 973 1016 em.

167 1124 194 1176 l.
206 1120 333 1176 Potestas
345 1119 464 1192 capituli
477 1119 545 1176 sede
556 1119 653 1192 plena.
676 1195 677 1200 ἵ

164 1212 193 1266 2.
207 1211 333 1266 Potestas
346 1208 467 1282 capituli
479 1209 545 1266 sede
556 1213 688 1267 vacante.

231 1402 354 1462 ansuo
365 1403 397 1452 lt.
414 1400 493 1451 -Ds
507 1413 769 1453 munificiarum
786 1415 847 1452 suns
856 1412 937 1452 risus
947 1402 990 1464 (t).

168 1555 350 1624 Auctoritas
364 1559 496 1640 capituli
510 1561 656 1624 consistit
669 1561 703 1622 in
717 1577 755 1622 eo
771 1560 857 1640 qnod
872 1557 1044 1640 aliquando
1057 1576 1107 1621 re·

77 1662 80 1668 '
129 1659 368 1738 quiraturillius
384 1657 553 1720 eonsilium
568 1661 616 1720 vel
636 1676 822 1722 consensus.

167 1759 192 1820 Ι.
217 1755 381 1819 Ducrruua
406 1756 484 1818 iuter
503 1757 703 1819 consiliumet
724 1775 898 1818 caucasum,
917 1755 978 1818 Ubi
1000 1757 1107 1836 requi·

129 1857 212 1918 ritur
229 1872 402 1918 oonscusus
416 1856 559 1936 capituli,
573 1857 749 1938 Episcopus
765 1873 831 1918 non
843 1859 969 1918 tantum
980 1859 1107 1917 tenetur

128 1955 207 2016 illud
220 1953 397 2034 exquirere,
411 1955 574 2016 sedetiam
590 1954 691 2034 sequi.
709 1957 752 2017 At
765 1953 820 2015 ubi
840 1952 1013 2032 requiritur
1030 1971 1108 2016 con·
1197 1963 1198 1966 ’

129 2053 247 2130 silium,
263 2057 391 2134 oportet
409 2053 489 2116 illud
505 2053 639 2128 audire,
657 2051 882 2116 necessitatem
897 2068 971 2114 vero
981 2069 1047 2114 non
1058 2053 1106 2112 in-

129 2150 205 2214 fert.

170 2251 401 2332 Nequetamen
420 2249 589 2312 consilium
612 2253 659 2312 est
684 2251 901 2328 superfluum
930 2247 1107 2328 postulatur

129 2347 227 2424 enim,
241 2348 370 2426 nequid
385 2347 562 2427 Episcopus
572 2346 808 2408 inconsiderate
822 2349 904 2426 agat.

169 2449 327 2510 Ceterum
342 2451 442 2521 actos,
454 2445 522 2506 sine
537 2444 691 2523 requisito
707 2445 840 2506 oonsilio
859 2444 971 2519 lactus,
987 2445 1107 2522 regula·

57 2535 60 2541 ’
128 2545 208 2607 riter
223 2545 317 2620 valet,
329 2543 391 2604 nisi
410 2542 580 2605 consilium
593 2543 866 2624 precipiaturper
879 2543 1012 2606 modum
1033 2559 1108 2606 con·

129 2642 262 2704 ditionis
273 2641 472 2704 necessariae.

169 2743 208 2803 ΙΙ.
229 2740 275 2803 De
287 2741 428 2822 requisito
439 2741 569 2824 capituli
578 2739 704 2804 consilio.
720 2772 761 2784 -
770 2741 817 2801 Ex
831 2740 940 2819 regula
953 2738 1103 2819 generali,

129 2838 226 2901 debet
251 2837 427 2918 Episcopus
451 2839 485 2899 in
502 2841 651 2902 omnihus
669 2839 775 2899 arduis
789 2838 924 2917 negotiis
937 2837 1104 2899 consilium

127 2937 260 3017 capituli
275 2938 452 3016 exquirere.
471 2939 562 3002 ltatio
579 2945 637 3015 est,
654 2937 729 3018 quia
742 2935 888 3000 canonici
909 2940 983 2998 sunt
1001 2935 1105 2996 oonsi-

127 3036 211 3100 liarii
226 3036 292 3098 nati
306 3037 550 3116 Episcoporum.

168 3138 289 3197 Dantur
305 3135 456 3214 speciales
482 3151 583 3211 casus,
610 3134 772 3212 inquibus
795 3135 880 3214 leges
895 3149 1041 3212 expresse
1052 3133 1105 3195 de·

160 3294 193 3353 ll)
207 3293 318 3343 Concilio
328 3292 461 3355 provincias
473 3293 631 3354 parisiensis,
642 3293 778 3354 Remensls,
789 3291 949 3342 Turonensis.
981 3325 986 3344 .
1080 3275 1089 3291 ⁰

159 3373 197 3439 (2)
215 3373 324 3424 Concilia
344 3374 536 3436 Burdigalenss,
558 3375 714 3436 senonense,
741 3373 899 3432 Tolosanum,
922 3369 1104 3432 Auscitauum,

125 3457 392 3598 Aqllietnslelecrelolium
406 3533 448 3584 lib.
464 3533 506 3598 lll,
522 3533 563 3586 tit.
578 3549 613 3598 nt,
623 3533 660 3584 De
680 3533 721 3597 iis,
737 3548 792 3600 qcoe
805 3533 870 3598 fiunt
885 3545 901 3582 o
916 3530 1037 3582 Proelolis
1055 3532 1106 3580 scire

127 3613 368 3678 consensucopr'lolr'.

955 3707 1002 3753 22.
