2626 4258
234 323 286 374 38¹0
401 321 558 375 uxroslrlo
580 327 758 374 burdonum
777 327 860 374 tuuis
882 326 1037 376 GANONlGl.

228 448 505 523 'eonsuetudine,e
524 447 631 508 medio
648 445 777 507 sublatae
789 447 915 508 luerunt
934 445 1153 508 excusationes
1170 449 1212 509 ad

233 547 458 608 declinandam
484 546 665 626 hujusmodi
697 545 955 624 applicationem.
988 547 1034 606 Ex
1067 544 1210 622 indulto,

231 644 375 706 canonici
399 645 506 706 Galliae
526 644 748 723 dispensantur
761 644 799 704 ab
816 643 1010 722 obligatione
1024 644 1214 722 applicandi
1286 667 1289 684 ¹

231 743 375 822 quotidie
390 741 643 805 benefactoribus
656 742 786 802 missam
801 741 1042 803 conventualem
1059 742 1114 821 (l).

268 839 494 903 barcillonae.
510 877 548 890 -
564 843 642 902 Cum
657 843 760 904 officia
778 844 1007 906 canonicorum
1026 842 1211 924 personalia

225 939 293 1002 -slnt
309 947 403 1020 atque
426 941 587 1015 continua,
609 943 770 1018 postulant
784 943 999 1016 residentiam,
1017 943 1107 1021 cujus
1123 939 1211 1002 obli·

230 1039 389 1118 gationem
399 1040 576 1102 Concilium
584 1039 806 1102 Tridentinum
818 1042 943 1104 statuit:
958 1039 1210 1103 «obtinentibus

229 1137 263 1197 in
280 1137 513 1198 cathedralibus
529 1143 583 1200 aut
599 1139 774 1218 collegiatis
796 1141 1000 1202 canonicatus
1017 1157 1081 1200 non
1098 1137 1208 1212 liceat,

230 1235 337 1314 vigore
360 1235 532 1315 cujuslibet
555 1237 663 1298 statuti
686 1243 740 1300 aut
760 1238 1009 1312 consuetudinis,
1035 1238 1119 1298 ultra
1141 1241 1211 1298 tres

230 1349 355 1395 menses
369 1333 409 1395 ab
423 1334 544 1396 eisdem
558 1335 698 1396 eeclesiis
713 1335 858 1416 quolibet
873 1354 956 1398 anno
971 1335 1094 1410 abessc;
1113 1331 1211 1394 salvis

191 1445 199 1462 ·
229 1431 435 1494 nihilominus
457 1449 564 1494 earum
586 1433 792 1498 ecclesiarum
816 1433 1109 1512 constitutionibus,
1133 1449 1209 1511 quae

229 1530 354 1611 longius
369 1531 488 1594 servitii
501 1537 627 1611 tempus
639 1533 806 1612 requirunt
821 1534 877 1614 (2).
892 1556 906 1596 n

517 1737 549 1788 11.
568 1764 598 1774 -
613 1737 650 1788 De
661 1749 763 1800 corporo
776 1735 919 1800 capitulari.

268 1889 617 1967 emunctoriorum
635 1894 837 1970 considerati,
857 1893 1000 1956 efficiunt
1018 1911 1136 1974 corpus
1149 1911 1208 1956 seu

229 2007 398 2069 personam
413 1993 567 2053 moralem
585 1993 624 2052 ad
640 2011 736 2072 quam
749 1997 894 2074 spectant
908 2000 1061 2055 conventus
1077 1991 1208 2072 capitu-

227 2089 301 2150 laris
312 2093 343 2151 et
356 2097 468 2150 statuta
481 2090 680 2170 capitularia.

264 2239 291 2293 l.
305 2236 467 2293 Conventus
482 2233 660 2310 capitularis.

262 2327 289 2380 2.
305 2325 415 2383 Statuta
426 2325 633 2398 capitulorum.

517 2521 540 2571 l.
552 2490 693 2571 Conventus
707 2517 851 2581 capitularis
865 2515 915 2584 (8).

267 2677 346 2741 Alie
370 2675 488 2756 regula>
511 2677 687 2756 respiciunt
710 2677 840 2758 capituli
862 2675 1103 2752 ronvoeatrbnem,
1133 2677 1204 2738 alim

227 2794 301 2840 vero
318 2783 416 2837 aetum
430 2775 634 2856 capitularem.

264 2877 288 2936 l.
305 2874 349 2936 De
367 2874 566 2936 convocatione
582 2873 707 2956 capitali
717 2873 869 2954 quaeritur
887 2877 919 2935 l⁰
937 2891 1033 2953 penes
1050 2873 1203 2958 quemtsit

225 2979 366 3054 potestas
379 2974 576 3035 convocandi
592 2975 780 3052 capitulum3
799 2976 831 3035 2⁰
841 2973 969 3052 quinam
982 2972 1043 3034 sint
1055 2972 1199 3034 vocandi.

265 3076 292 3135 l.
307 3070 486 3151 Capitulum
498 3071 556 3133 sub
567 3071 687 3150 duplici
698 3076 829 3148 aspectu
841 3070 1071 3146 consideratur,
1086 3085 1203 3148 nempe

224 3171 320 3232 velut
334 3171 485 3250 llpiscopi
500 3170 680 3243 consilium,
697 3171 745 3231 vel
759 3175 793 3230 ut
806 3169 988 3248 collegium.

266 3269 423 3340 Quatenus
432 3269 511 3329 illud
523 3274 569 3331 est
581 3267 747 3330 eonsilium
758 3267 919 3346 Episcopi,
931 3266 970 3329 ab
982 3266 1051 3346 ipso
1064 3267 1204 3328 Praesule

227 3371 280 3428 aut
294 3385 312 3428 a
327 3367 454 3430 vicario
467 3367 604 3446 generali
618 3357 821 3450 conrodatur.
857 3451 860 3460 1
896 3425 897 3430 ,

256 3537 292 3600 (1)
303 3537 492 3600 Analectajuris
502 3539 622 3602 pontificii
637 3554 644 3587 r
659 3539 704 3588 der
718 3537 850 3600 Chapr'trer
859 3536 1026 3588 cathedralem.

257 3619 291 3680 (2)
304 3619 368 3668 sess.
383 3619 471 3678 XXIV,
483 3632 540 3680 cap.
555 3631 600 3668 xrr.
616 3645 646 3655 -
656 3620 688 3679 (3)
701 3617 870 3670 Decretalr'um
893 3619 939 3672 lib.
957 3619 1002 3681 lll,
1019 3615 1057 3667 tir.
1074 3629 1100 3682 x,
1119 3615 1155 3666 De
1166 3614 1205 3666 bis

227 3709 283 3759 quoe
300 3697 368 3758 fiunt
381 3711 397 3745 a
409 3695 509 3760 majore.
518 3699 592 3760 purte
603 3697 732 3784 capituli.⁸
