2630 4250
477 206 551 250 PARS
574 205 739 251 sensistis.
1043 207 1094 254 205

113 323 253 402 primum
267 323 366 383 Italiae
380 321 566 400 Episcopcs.
589 323 680 401 Saepe
698 339 772 384 vero
792 321 974 384 intermissa
988 325 1096 386 visita-

110 420 210 494 tione,
221 419 366 498 pcriculo
380 418 559 480 schismatis
571 419 770 493 imminente,
785 426 1005 500 reservataque
1016 423 1096 484 Pon-

110 515 190 580 tifici
209 509 441 596 Episcoporurn
455 515 665 590 institutione,
687 517 791 596 legem
810 519 1008 580 confirmavit
1026 519 1096 580 Six-

111 621 163 678 tus
190 616 217 678 v
251 613 304 694 (l),
336 619 371 676 ut
399 619 575 675 servaretur
610 613 685 674 fidei
718 613 836 690 unitaS,
868 617 1097 677 accenderetur

111 713 342 792 Episcoporum
366 712 464 786 zeluS,
495 715 524 772 et
549 711 669 772 Pastori
695 728 845 788 supremo
872 718 970 774 status
989 713 1096 774 Eccle-

112 812 231 872 siarum
241 809 362 872 facilius
378 809 605 870 innotesceret.
1006 865 1010 870 .

150 911 191 970 ll.
207 906 262 968 Jus
275 907 455 968 dedier-acm.
471 943 510 989 -.
525 909 571 968 Ex
595 908 825 970 constitutione
857 908 980 970 Sixtina
1002 925 1097 987 quam

110 1007 273 1068 innovavit
299 1005 490 1067 Benedictus
516 1007 586 1068 XIV
611 1005 672 1085 (E),
710 1007 918 1068 consecrandi
947 1006 1098 1087 Episcopi

110 1105 304 1186 promittunt
331 1105 513 1184 juramento
537 1103 700 1166 fidelitatis
739 1121 772 1166 se
801 1105 1029 1184 Apostolorum
1058 1103 1099 1164 li-

112 1204 201 1265 mina
228 1203 315 1264 statis
347 1198 546 1278 temporibus
576 1202 785 1280 personaliter
819 1202 1010 1276 visitaturos,
1046 1206 1099 1263 aut

112 1301 280 1363 siluerint
310 1301 450 1378 legitime
474 1299 633 1377 impediti,
661 1317 719 1379 per
740 1305 993 1378 procuratorem.
1019 1300 1099 1359 Beti-

111 1399 243 1460 niuntur
264 1402 448 1475 temporum
468 1397 631 1458 intervalla
655 1398 837 1476 regionibus
866 1395 1098 1471 convenientia,

113 1496 267 1556 nimirum
302 1493 449 1572 Episcopi
478 1495 659 1568 viciniores,
695 1499 731 1556 ut
762 1495 844 1569 Itali,
886 1493 1099 1554 visitationem

113 1611 268 1675 peragere
289 1599 438 1655 tenentur
464 1593 607 1672 quolibet
630 1593 787 1667 triennio;
825 1590 982 1670 Germani,
1009 1589 1099 1662 Galli,

114 1692 247 1770 Hispani
281 1697 394 1770 quarto
429 1707 556 1769 quoque
584 1707 688 1766 ann0;
730 1689 928 1763 remotiores,
959 1685 1101 1766 quolibet

116 1787 360 1868 quinquennic;
398 1786 614 1861 remotissimi,
647 1791 682 1848 ut
709 1785 850 1860 Asiatici,
876 1784 1020 1864 quolibet
1046 1784 1102 1844 de·
1158 1864 1160 1866 Ι

116 1886 244 1949 nennio.

157 1985 209 2046 111.
222 1981 326 2044 Modus
340 1981 522 2042 visitationis.
539 1981 703 2044 -Munus
717 1978 903 2042 visitationis
918 1983 982 2040 tres
1001 1977 1102 2056 potis-

118 2083 237 2144 simum
250 2087 338 2145 actus
353 2079 578 2159 complectitur
595 2099 602 2140 :

160 2181 191 2239 1⁰
202 2177 424 2242 visitationem
434 2177 641 2238 Basilicarum
657 2177 847 2237 Sanctorum
856 2165 942 2236 Petri
956 2178 989 2235 et
999 2171 1098 2251 Pauli,

113 2293 261 2354 ¹quorum
271 2292 406 2355 corpora
420 2280 586 2336 veneratur
601 2272 789 2351 Episcopus.

162 2373 443 2436 2⁰'Exhihitionem
458 2371 575 2434 debitae
591 2370 775 2432 reverentiae
794 2373 825 2430 et
841 2364 1035 2429 obedientie
1050 2367 1101 2430 vt

119 2472 209 2534 caric
224 2472 350 2535 Ghristi.

161 2573 194 2632 3ο
214 2570 411 2631 Relationem
433 2569 472 2628 de
486 2571 569 2628 statu
586 2564 742 2627 materiali
765 2570 796 2626 et
811 2562 938 2624 formali
957 2559 1102 2620 dioecesis

125 2669 163 2730 ad
183 2666 461 2746 congregationem
479 2663 520 2745 (3)
543 2663 633 2743 juxta
649 2661 896 2725 instructionem
917 2655 1104 2718 aBenedic-

125 2772 161 2830 to
173 2769 243 2830 XIV
253 2766 371 2828 editam
382 2764 434 2845 (l).

154 2995 188 3058 (1)
206 2995 267 3047 Sinti
280 2995 300 3044 V
310 2993 459 3046 constitutio
469 2993 591 3042 Bormam
602 2989 732 3052 Pontifex,
741 3002 807 3054 anno
820 2989 890 3038 1585.

157 3080 189 3140 (2)
206 3075 297 3127 Bened.
309 3075 364 3125 xlv
373 3075 457 3124 const.
469 3069 538 3134 Quod
550 3072 646 3131 sancta,
659 3083 724 3118 anno
737 3071 805 3118 illd.

154 3157 187 3218 (3)
203 3157 353 3206 Benedictus
366 3155 421 3203 xlv
435 3152 553 3210 instituit,
565 3151 634 3200 velut
653 3148 815 3209 appendicem
827 3142 1029 3206 congregationis
1042 3139 1105 3190 Con·

21 3257 23 3296 ;
125 3235 185 3294 cilii,
206 3237 339 3297 quamdam
362 3234 512 3296 peculiarem
534 3229 758 3291 congregationem,
781 3227 911 3285 adquam
937 3224 965 3271 nt
986 3219 1114 3270 relatiode¹

21 3379 22 3388 ἵ
126 3323 195 3366 statu
209 3317 382 3367 ecclesiarum.

157 3396 188 3454 (l)
205 3392 342 3442 instructio
356 3392 381 3440 S.
401 3385 602 3450 Cengregationis
618 3382 722 3437 concilii
735 3396 779 3444 pro
801 3381 938 3444 Episcopis,
949 3392 1024 3441 super
1034 3377 1106 3426 modo

128 3471 273 3522 conficiendi
284 3471 418 3520 relationes
429 3470 459 3520 de
471 3471 540 3520 statu
551 3479 653 3520 suarum
668 3463 831 3516 ecclesiarum
842 3463 881 3524 (ad
896 3463 989 3512 calcem
1001 3458 1058 3508 libri
1076 3457 1108 3506 de

126 3553 229 3617 Spncdo
238 3553 398 3610 dicereturve).

975 3633 1006 3680 12
