2620 4258
226 293 277 340 alt
381 291 535 338 nxroslrlo
558 291 733 344 uarfloolca
754 291 837 338 JURIS
860 290 1013 337 canorum.

262 414 287 464 l.
301 409 388 479 Cujns
402 410 438 466 sit
450 409 608 466 concilium
620 421 786 466 convocare.

259 499 286 552 2.
301 497 426 562 Quinam
437 497 495 552 sint
508 495 638 554 vocandi.

414 720 436 766 ι.
451 713 529 776 (lajas
543 713 575 763 sit
589 713 722 763 concilium
735 715 850 776 generale
863 725 1009 763 convocare.

263 885 287 944 l.
311 885 451 944 Potestas
478 882 673 946 convocandi
696 879 870 942 concilium
894 877 1094 957 pertinet'ad
1110 877 1206 938 illum

226 979 281 1058 qui
308 979 527 1042 auctoritatem
554 979 650 1040 habet
671 979 704 1039 in
731 977 902 1056 collegium
929 973 1202 1056 congregandum.

208 1155 210 1159 Ι
224 1078 321 1156 Atqui
334 1077 480 1139 Pontifex
492 1080 650 1139 Romanus
663 1081 711 1138 ast
728 1080 823 1154 caput
838 1073 981 1152 corporis
996 1073 1202 1152 episcopalis.
1301 1099 1302 1126 l

224 1175 322 1255 Igitur
336 1175 419 1236 solus
433 1175 504 1254 jure
517 1179 622 1254 potest
634 1173 783 1236 omnibus
797 1171 964 1250 Episcopis
978 1171 1156 1250 praecipere
1169 1177 1206 1230 ut

225 1273 422 1336 conveniant.
1301 1273 1302 1288 ¹

264 1371 303 1433 ΙΙ.
320 1372 382 1450 Ipsi
393 1371 516 1432 Summi
529 1371 698 1433 Pontifices
712 1369 895 1431 indixerunt
904 1367 1040 1430 concilia
1050 1367 1205 1429 occiden-

223 1469 308 1530 talia.
325 1471 374 1530 Ad
385 1469 521 1556 concilia
531 1468 694 1530 orientalia
704 1468 788 1546 quod
802 1465 925 1541 attinet,
941 1482 1051 1526 eorum
1066 1465 1205 1526 indictio
1301 1507 1302 1538 p

136 1564 138 1568 ”
225 1567 286 1628 luit
300 1565 663 1628 saltemaPontificibus
675 1563 801 1646 probato
816 1562 863 1624 ael
875 1563 1010 1644 firmata.
1301 1573 1302 1650 ζ

264 1664 319 1726 His
333 1663 435 1725 verbis
451 1663 741 1742 explicanturlacta
753 1662 983 1740 imperatorum
998 1659 1053 1738 qui
1069 1658 1204 1721 concilia
1301 1683 1302 1740 ς

227 1761 386 1840 generalia
400 1778 589 1822 convocasse
604 1759 761 1821 dicuntur.
777 1757 904 1820 Etenim
919 1756 1063 1834 quamvis
1079 1755 1204 1816 Princi·
1301 1769 1302 1820 l

225 1875 281 1936 pes
294 1875 359 1918 non
378 1857 515 1918 habeant
522 1858 573 1936 jus
588 1855 783 1918 convocandi
797 1854 1024 1932 Episcopatum
1038 1854 1080 1913 ad
1094 1853 1204 1914 Eccle-

225 1955 305 2016 siam
316 1954 565 2033 gubernandam,
576 1958 684 2013 tamen
692 1953 800 2032 negari
814 1951 925 2030 nequit
934 1951 1091 2029 quosdam
1101 1951 1205 2027 lmpe·
1301 2017 1302 2022 η

225 2057 345 2113 ratores
361 2051 473 2112 lenisse
491 2050 687 2111 materialem
702 2049 912 2110 conciliorum
929 2029 1202 2110 convocationem.

223 2151 306 2211 Illud
320 2166 394 2210 vero
419 2149 574 2223 lecerunt,
600 2164 663 2208 non
690 2146 821 2226 quidam
838 2148 909 2226 J'ura
925 2147 1067 2224 proprio,
1090 2147 1143 2206 scd
1163 2147 1205 2206 de
1301 2127 1302 2148 ³

227 2248 377 2350 mandpto
391 2245 551 2320 Ecclesia,
569 2251 624 2306 aut
635 2241 709 2306 cum
725 2244 954 2324 approbatione
969 2243 1104 2306 Romani
1119 2244 1207 2304 Pon·

225 2345 331 2422 tinais,
347 2363 365 2404 a
378 2361 441 2422 quo
453 2343 572 2421 pendet
585 2343 771 2404 convocatio
789 2343 941 2404 formalis.

265 2444 318 2503 Ill.
337 2442 468 2514 Quando
485 2442 575 2502 sedes
588 2442 728 2501 Romana
743 2444 841 2514 vacat,
856 2445 912 2500 aul
928 2438 1041 2500 dubius
1057 2443 1104 2500 est
1118 2437 1207 2498 Pon·

225 2539 314 2614 tifex,
341 2537 487 2616 quisnam
512 2537 611 2616 possit
634 2536 807 2599 concilium
833 2537 1064 2598 oecumenicum
1086 2551 1207 2597 convo-

227 2637 318 2699 aare?

266 2735 349 2796 Sede
364 2737 504 2794 Romana
518 2735 656 2806 vacante,
678 2731 851 2809 generatim
863 2730 1036 2793 concilium
1049 2747 1116 2790 non
1127 2745 1205 2790 con-

226 2835 365 2906 vocatur,
383 2831 541 2910 siquidem
558 2829 738 2890 cardinales
752 2826 817 2890 no'n
834 2827 953 2890 habent
963 2829 1014 2908 jus
1037 2827 1206 2906 proprium

226 2927 425 3009 gubernandi
439 2926 625 2988 Ecclesiam.

267 3029 418 3090 Attamen
436 3025 462 3086 si
480 3023 666 3086 convocatio
685 3023 770 3084 illius
790 3024 830 3085 ad
845 3023 1035 3101 gubernium
1052 3021 1207 3084 Ecclesiae
1301 3071 1302 3108 p

227 3125 268 3186 sit
279 3123 551 3198 necessaria‚tunc
565 3121 678 3184 electio
688 3121 761 3182 novi
772 3121 935 3195 Pontificio
945 3120 1086 3200 primum
1097 3120 1162 3193 fiat,
1176 3123 1209 3180 et
1301 3111 1302 3186 ζ

228 3223 344 3285 deinde
355 3221 515 3285 Pontificis
531 3221 591 3283 erit
602 3219 775 3281 concilium
787 3236 972 3281 convocare.

269 3319 303 3380 Si
321 3337 394 3380 vero
416 3318 586 3380 necessitas
609 3320 731 3395 urgeat,
757 3335 785 3376 v.
809 3335 854 3395 gr.
880 3333 953 3378 cum
976 3316 1209 3402 ipschismate
1301 3305 1302 3384 l

229 3413 409 3478 Occidentis
430 3432 564 3494 persona
584 3412 744 3474 Pontifiois
765 3413 885 3476 incerta
909 3418 1002 3491 esset,
1024 3415 1209 3478 Cardinales
1301 3433 1302 3490 3

228 3530 287 3593 pro
312 3511 397 3573 hono
415 3511 564 3575 Ecclesia
587 3509 647 3572 sibi
673 3509 817 3574 tribuunt
838 3511 980 3575 cilicium
1006 3513 1208 3576 convocandi

232 3609 414 3674 concilium.
1301 3613 1302 3626 ¹
