2626 4258
237 287 287 334 ili
404 284 562 332 expostulo
584 281 760 328 nunnonlcn
782 281 865 326 tuuis
887 282 1042 326 canonici.

275 408 373 488 Igitur
386 404 579 467 attendenda
594 407 666 462 sunt
687 407 800 460 statuto
812 407 842 460 et
855 399 1071 461 consuetudines
1081 399 1219 461 ecclesio-

235 525 311 566 rum.
328 506 373 566 Ex
393 502 515 582 origine
536 505 590 560 aut
609 495 838 560 cousuetudine
859 499 911 576 jus
927 499 1112 560 conterendi
1133 517 1219 578 prce·

235 603 354 664 bendas
364 602 414 664 vcl
428 599 460 660 in
471 600 539 660 solo
551 597 710 675 Episcopo
720 597 768 655 vel
782 593 813 654 in
826 595 894 656 solo
904 595 1043 673 capitulo
1058 598 1216 656 firmatur.

236 701 270 763 Si
294 703 330 762 R.
356 697 511 770 Pontifex,
535 694 687 774 erigendo
707 691 889 771 collegium,
913 693 992 755 nihil
1013 693 1159 756 statuerit
1177 697 1218 756 de

236 799 482 862 canonicatuum
496 794 679 867 collatione,
697 793 804 872 regula
825 793 962 870 petenda
978 799 1025 854 est
1039 811 1057 854 a
1073 791 1218 872 legitima

236 893 465 961 consuetudine
486 911 556 972 quae
582 890 616 951 in
637 891 697 952 hac
715 889 847 951 materia
875 890 1061 968 proscribit.
1080 890 1114 952 Si
1127 892 1218 952 nulla

236 994 434 1058 consuetudo
460 989 605 1070 specialis
630 993 661 1050 et
684 987 816 1067 probata
840 985 963 1064 existat,
988 991 1136 1050 standum
1169 996 1219 1052 cst

233 1092 298 1174 juri
312 1088 475 1154 communi
490 1087 544 1170 (l).

275 1193 306 1252 2.
324 1189 366 1249 lle
379 1188 453 1270 jore
473 1185 626 1259 commoni,
643 1182 772 1245 collatio
799 1182 1042 1245 canonicatuum
1070 1185 1217 1247 ecclesian

237 1287 426 1350 cathedralis
440 1286 479 1346 ad
502 1285 694 1363 Episcopum
713 1287 743 1343 ct
754 1281 929 1360 capitulum
954 1282 1046 1342 simul
1065 1284 1216 1362 pertinet,

237 1387 282 1447 ita
293 1391 328 1448 ut
343 1385 518 1463 Episcopus
541 1383 697 1460 aequalcm
709 1381 826 1440 'vocem
841 1397 915 1440 cum
935 1381 1073 1458 capitulo
1086 1382 1215 1445 habeat.

238 1484 424 1546 Haeclorma
436 1479 741 1542 collationisdicitur
749 1479 990 1557 juscommune,
1006 1495 1068 1540 non
1085 1481 1217 1559 quidem

166 1619 168 1621 -
237 1599 275 1644 ex
297 1598 335 1642 eo
357 1580 442 1658 quod
467 1578 499 1638 in
522 1584 609 1640 textu
632 1578 737 1655 legum
755 1593 902 1654 expresse
927 1576 1141 1656 praecipiatur,
1161 1581 1216 1640 sed

238 1679 312 1757 quia
326 1676 482 1738 unanimis
501 1678 670 1738 doctorum
693 1673 913 1752 interpretatio
940 1679 972 1737 et
990 1674 1094 1752 praxis
1118 1677 1217 1738 curiae

237 1794 377 1838 romanae
393 1775 485 1836 istam
501 1775 641 1852 regulam
660 1774 862 1836 induxerunt.

277 1875 332 1934 lus
347 1872 544 1932 simultaneae
568 1871 744 1933 collationis
769 1887 807 1930 ex
831 1870 951 1948 duplici
976 1870 1097 1932 ratione
1111 1873 1217 1932 ortum

238 1977 308 2042 est:
327 1974 356 2036 l.
368 1970 491 2031 Buteone
504 1969 604 2050 lupico.
619 2003 660 2014 --
672 1971 806 2047 Propter
818 1970 970 2031 unionem
995 1989 1066 2048 quae
1081 1971 1219 2032 interce·
1292 2039 1293 2061 χ

239 2072 286 2133 dit
300 2071 382 2132 inter
396 2053 590 2150 Episcopum
612 2073 643 2130 et
660 2067 846 2146 capitulum,
863 2071 948 2130 velut
971 2070 1053 2132 inter
1073 2077 1218 2152 caputet

239 2167 393 2240 membra,
403 2167 753 2229 decetnominationcm
765 2167 990 2228 canonicorum
1003 2169 1218 2231 decommum

239 2283 369 2326 assensu
384 2265 461 2338 lieri,
477 2283 516 2326 ne
532 2281 674 2343 personae
688 2265 736 2324 vel
750 2265 890 2343 capitulo
904 2266 950 2324 vel
966 2265 1125 2344 Episcopo
1141 2267 1220 2327 invi·

240 2381 283 2424 sae
306 2369 518 2425 assumantur.
540 2363 627 2435 Quod
651 2379 761 2422 omnes
785 2362 924 2440 respicit,
941 2362 980 2424 ab
1000 2364 1149 2426 omnibus
1163 2383 1218 2442 ap-

240 2460 369 2540 probari
384 2460 489 2522 debet.
504 2464 533 2521 E.
549 2459 673 2520 Ratione
686 2458 834 2520 historico.
851 2491 891 2506 ·-
906 2460 1055 2521 Primitus
1071 2479 1219 2523 commu-

239 2576 295 2619 nes
311 2541 399 2620 cran't
415 2558 533 2618 reditus
549 2557 697 2635 Episcopi
713 2562 744 2618 et
762 2556 891 2634 capituli
931 2574 995 2619 non
1011 2576 1137 2637 aequrrm
1152 2564 1219 2620 erat
1290 2573 1291 2580 ³

239 2657 534 2727 utclcricuseorum
549 2655 708 2734 particeps
723 2656 812 2715 fieret
826 2655 887 2714 nisi
903 2657 1121 2718 consentiente
1132 2663 1219 2718 utro-

241 2772 314 2833 que,
335 2754 458 2816 scilicet
471 2753 630 2832 Episcopo
645 2758 677 2813 et
691 2751 840 2830 capitulo.
859 2753 1005 2824 Quamvis
1026 2772 1128 2816 massa
1151 2757 1218 2834 pri-

241 2852 406 2915 mordialis
421 2857 530 2930 postea
551 2850 645 2911 luerit
668 2849 750 2911 inter
772 2850 964 2928 Episcopum
990 2857 1021 2913 et
1043 2853 1217 2933 capitulum
1289 2839 1290 2847 ¹

241 2948 350 3023 divisa,
375 2953 406 3008 ct
421 2947 537 3008 deinde
555 2947 587 3005 in
603 2946 710 3008 multis
735 2947 813 3006 locis
828 2947 896 3024 ipsa
910 2965 1011 3008 massa
1034 2951 1217 3028 capitularis

241 3044 410 3106 distributa
423 3043 456 3103 in
469 3042 631 3123 portiones
647 3043 809 3105 distinctas
824 3029 955 3122 singulis
970 3047 1132 3109 canonicis
1154 3053 1219 3108 tra·
1288 3097 1289 3109 ,

241 3142 361 3203 dendas
387 3159 442 3203 seu
456 3139 638 3222 praebendos,
665 3146 772 3203 tamen
797 3143 1005 3220 perseveravit
1029 3145 1159 3206 collatio
1173 3146 1218 3206 si-

241 3239 410 3301 multanea.
424 3241 478 3301 lus
487 3238 643 3320 ejusmodi
653 3240 825 3300 deductum
836 3247 883 3302 est
892 3258 929 3301 ex
937 3241 1034 3302 veteri
1045 3243 1217 3322 principio,

240 3351 357 3414 nempe
382 3338 585 3399 collationem
610 3337 837 3399 beneficiorum
860 3339 1019 3418 pertinere
1035 3343 1075 3401 ad
1099 3357 1152 3404 eos
1178 3342 1219 3403 de

241 3447 379 3512 quorum
391 3432 484 3494 bonis
498 3434 628 3496 lundata
642 3440 744 3510 erant;
759 3434 791 3494 id
808 3440 865 3512 est,
880 3437 919 3497 ad
933 3436 1128 3518 Episcopum
1141 3438 1167 3500 si
1182 3455 1222 3500 ex

273 3627 306 3691 (t)
318 3629 544 3694 Schmalzgruebor,
559 3633 599 3684 tit.
616 3633 649 3684 de
660 3633 816 3685 Proebeodis.
