2630 4250
444 261 519 308 PARS
542 260 704 309 sanamus,
1009 262 1059 310 157

94 377 611 458 etiamsaecularibuspatebant;in
620 378 765 458 iispietas
776 395 909 460 aqueae
917 379 1061 444 scientia

94 476 323 540 excolebantur.

126 579 153 639 2,
172 573 381 638 Univereitates
406 573 607 638 aeterniate
629 574 787 638 clericales.
809 608 849 624 ·-
866 573 1060 640 habentibus

93 671 184 748 annis,
201 671 396 758 episcopalia
411 661 590 748 seminaria,
607 677 702 752 atque
715 674 809 736 etiam
830 674 1061 740 monachorum

94 771 201 833 schola
220 771 337 850 negligi
353 776 532 850 coepernnt,
549 771 624 851 quia
637 771 746 834 clerici
761 773 800 834 ad
822 772 1059 849 Universitates‚

94 869 265 936 studiorum
277 885 380 942 causa,
401 868 616 944 confluebant.
629 870 793 932 Interdum
808 887 844 932 ea
866 870 970 950 praxis
990 888 1062 950 pro·

95 967 158 1028 bata
171 967 232 1028 ruit
244 987 253 1041 ς
267 984 341 1028 nam
353 965 629 1042 Universitatibus‚
651 968 803 1030 Ecclesiae
823 968 987 1048 subjectis,
1003 969 1062 1030 ad-

91 1065 190 1143 juncta
205 1069 296 1127 erant
314 1066 448 1146 collegia
470 1065 666 1145 excipiendis
690 1066 814 1128 clericis
838 1067 1005 1142 destinata,
1028 1065 1061 1128 in

94 1163 208 1242 quihus,
235 1167 352 1242 praeter
378 1163 536 1243 egregiam
559 1163 750 1240 doctrinam,
778 1164 873 1226 simul
893 1165 1060 1228 honestam

93 1261 155 1322 rita
176 1261 380 1340 disciplinam
406 1261 466 1322 sihi
492 1267 723 1340 compararent.
750 1262 958 1324 Postmodum
985 1279 1060 1324 vero
1138 1285 1143 1299 »

96 1375 159 1420 cum
170 1359 205 1420 in
213 1359 350 1438 puhlicis
365 1360 545 1422 academiis
555 1360 657 1438 pietas
668 1361 896 1440 languesceret,
909 1360 1060 1440 Episcopi

96 1456 260 1518 seminariis
269 1457 474 1540 restituendis
484 1475 614 1536 operam
624 1457 842 1537 prebuerunt,
853 1463 884 1519 et
894 1457 1062 1536 sapientis-

97 1553 172 1616 simis
184 1553 309 1635 legibus
322 1571 391 1616 rem
406 1554 540 1617 absolvit
554 1555 733 1618 Concilium
745 1555 980 1616 Tridentinum.

126 1654 159 1714 ll.
174 1651 356 1714 Seminario.
379 1686 418 1700 -
435 1674 450 1710 a
466 1655 581 1714 Sancta
603 1653 748 1733 Synodus
769 1653 978 1733 (Tridentino)
1000 1656 1062 1714 sta·

93 1750 153 1824 tuit,
163 1755 197 1812 ut
209 1752 342 1830 singulae
362 1749 561 1812 cathedrales
576 1750 728 1812 Ecclesia
743 1756 868 1812 certum
887 1767 1060 1830 puerorum

95 1866 250 1924 numerum
264 1850 297 1910 in
312 1848 448 1927 collegio
469 1849 554 1910 alere
579 1867 617 1912 ac
630 1849 777 1928 religiose
792 1850 938 1926 educare,
961 1854 993 1911 et
1006 1866 1060 1911 eo·
1131 1933 1133 1935 ,

96 1947 267 2010 olesiastieis
280 1947 455 2026 disciplinis
469 1947 634 2012 instituere
644 1953 819 2012 teneantur.
829 1969 844 2008 n
860 1948 944 2012 Nihil
954 1953 1063 2012 autem

97 2043 187 2108 obstat
201 2045 372 2125 quominus
390 2066 405 2103 a
419 2045 452 2105 in
469 2045 618 2107 Ecclesiis
639 2031 760 2126 amplas
776 2045 928 2107 dioeceses
941 2045 1062 2108 hahen-

96 2143 168 2206 tihus
180 2144 279 2224 possit
291 2143 467 2222 Episcopus
481 2161 581 2204 unum
596 2144 643 2204 vel
661 2143 752 2222 plura
765 2141 797 2203 in
813 2141 954 2217 diaecesi,
966 2147 1063 2224 prout

95 2241 371 2322 sihiopportunum
393 2239 563 2314 videbitur,
586 2239 703 2308 habere
719 2239 900 2314 seminaria,
921 2259 992 2320 quae
1013 2246 1064 2304 ta-

96 2357 159 2402 men
169 2341 208 2402 ab
222 2341 279 2402 illo
293 2357 356 2402 uno
368 2339 454 2418 quod
467 2338 501 2398 in
513 2337 639 2400 civitate
650 2342 792 2399 erectum
806 2343 838 2400 et
852 2339 1061 2402 constitutum

95 2437 188 2516 luerit,
207 2439 241 2499 in
253 2436 401 2501 omnihus
414 2436 618 2516 dependeant
626 2435 678 2515 (l).
694 2457 708 2493 n

127 2540 295 2600 Decretum
324 2536 452 2598 concilii
483 2536 584 2596 multa
617 2533 724 2596 statuit
752 2549 823 2614 qua
851 2535 1060 2596 referuntur:

97 2637 122 2695 l⁰
134 2637 169 2696 ad
184 2637 390 2697 alumnorum
408 2631 646 2708 admissionem,
659 2631 698 2704 ad
714 2630 871 2692 rationem
879 2631 1059 2692 studiorum

96 2737 121 2794 et
138 2733 314 2814 disciplinae
329 2751 338 2808 ;
353 2735 386 2793 2⁰
410 2731 451 2792 ad
478 2730 622 2809 regimen
639 2729 805 2810 spirituale
826 2734 858 2792 et
885 2730 1061 2810 temporale

95 2831 258 2892 seminarii.

35 2957 36 2974 ¹
126 2934 171 2994 Ad
197 2931 393 3012 Episcopum
419 2935 540 3010 spectat
559 2930 747 3010 gubernatio
773 2929 946 3002 seminarii.
974 2947 1003 2992 v.
1028 2949 1060 3010 g.

93 3031 268 3093 constitutio
291 3029 488 3108 regularum,
515 3029 658 3091 delectus
685 3027 853 3104 librorum,
893 3028 1061 3108 deputatio

94 3125 215 3187 rectoris
229 3129 262 3186 et
276 3122 512 3204 magistrorum.

126 3225 166 3284 lte
178 3219 337 3300 regimine
347 3219 502 3300 spirituali
530 3220 704 3310 concilium
726 3219 891 3283 decernit:
911 3239 925 3276 a
947 3219 1059 3282 Omnia

96 3322 296 3384 adhancrem
311 3322 491 3400 opportuna
514 3323 545 3379 et
567 3319 756 3394 necessaria,
774 3317 924 3398 Episcopi
945 3317 1059 3398 singuli

96 3435 157 3481 cum
178 3407 324 3482 consilio
335 3419 472 3480 dirorum
485 3416 713 3478 canonicorum
729 3415 943 3492 constituent3
958 3433 1058 3496 eaque

118 3613 150 3680 lt)
160 3615 225 3666 Sese.
241 3611 330 3673 llell‚
342 3626 400 3676 rap.
421 3625 492 3676 xant,
506 3611 540 3662 De
550 3610 661 3674 reforma
