2588 4272
236 225 269 279 58
403 218 559 268 exroslrlo
576 213 752 262 DDTHDDIGA
772 213 855 260 tultis
877 212 1032 262 canonlct

233 344 315 404 nunt
328 340 362 402 in
376 357 430 402 eos
445 338 542 419 quiin
554 337 617 397 fide
631 339 663 396 et
674 332 816 395 moribus
831 333 1033 420 deliquerint.
1049 333 1117 396 lluu
1129 350 1199 413 per·
1277 315 1278 324 ¹

232 439 336 502 tinent
362 455 503 500 censure
520 435 653 514 aliaque
665 449 767 512 poenae
783 432 1007 495 ecclesiasticas
1019 430 1136 512 quibus
1149 432 1198 492 lex

234 537 339 599 divina
354 537 506 598 sancitur.

272 638 303 696 2⁰
311 636 347 698 ln
359 631 582 696 determinandis
586 628 740 712 praeceptis
753 625 859 689 diuinis
869 633 902 690 et
912 628 1118 704 naturalibus,
1128 629 1206 689 dum

234 732 355 794 scilicet
365 731 546 811 praetiniunt
558 733 681 807 tempus
695 745 731 789 ac
743 729 873 788 modum
885 723 925 787 ad
939 743 975 788 ea
990 726 1206 800 observanda;

234 830 323 910 cujus
338 831 460 910 generis
475 833 548 890 sunt
565 844 700 902 canones
721 825 827 888 dedic
843 825 1014 901 dominica,
1031 827 1071 888 de
1085 825 1210 888 ocules·

235 927 324 992 sione
338 937 369 991 et
382 925 608 990 communione
621 925 772 1003 paschali.

274 1031 305 1092 3⁰
315 1027 352 1088 Iu
364 1025 489 1108 rependo
503 1033 639 1088 societate
650 1023 850 1086 ecclesiastiea.
860 1025 941 1086 llinc
953 1023 1088 1086 directio
1100 1041 1213 1103 perso·

236 1143 368 1202 narum;
384 1125 498 1204 gradus
512 1141 548 1185 ac
562 1121 650 1184 modi
664 1123 778 1202 quibus
789 1127 927 1202 potestas
942 1122 1095 1186 adhristo
1110 1122 1211 1184 insti-

236 1229 304 1286 tuta
318 1240 385 1285 sese
396 1222 527 1298 exserit3
540 1221 764 1284 conventiones
774 1222 857 1284 inter
869 1221 1045 1286 Ecclesiam
1054 1226 1086 1282 et
1098 1222 1212 1284 Status

237 1323 355 1386 civiles.

279 1426 311 1482 4⁰
338 1423 374 1484 In
395 1418 578 1480 ordinandis
593 1417 706 1494 verbis,
733 1418 855 1480 actibus
872 1424 903 1480 et
924 1417 1018 1480 rebus
1033 1418 1073 1478 ad
1093 1417 1215 1478 cultum

236 1517 1218 1600 diuinumpertinentibus'Ouaedisciplinaliturgicaccurplec-

237 1621 315 1684 titur
338 1635 473 1681 canones
498 1619 537 1680 de
566 1617 839 1680 administratione
863 1617 1153 1688 sacramentorum,
1175 1614 1220 1675 de

238 1717 391 1780 Sacrifioii
405 1717 627 1793 celebratione,
638 1717 677 1778 de
688 1716 793 1778 olficio
803 1713 922 1789 divino,
935 1714 974 1776 de
987 1713 1099 1774 diebus
1112 1711 1220 1786 festis,

238 1818 279 1878 de
291 1815 370 1877 locis
385 1814 492 1890 sacris,
509 1819 570 1876 etc.

276 1917 309 1975 5⁰
336 1914 373 1974 ln
399 1911 657 1974 administrandis
693 1911 843 1974 Ecclesiae
880 1910 959 1971 bonis
992 1905 1222 1990 temporalibus.

237 2012 360 2076 Eodem
372 2011 481 2074 reduci
496 2015 628 2091 possunt
640 2010 762 2072 diversa
774 2010 1003 2073 beneficiorum
1014 2025 1143 2088 genera.

278 2111 331 2171 Ill.
351 2109 560 2187 Distinguitur
583 2107 752 2187 disciplina
766 2107 957 2170 immutabitis
975 2109 1022 2170 vel
1040 2105 1198 2167 mutabiles
1210 2125 1225 2169 .·

239 2212 328 2288 prior
354 2207 394 2267 ad
418 2206 470 2286 jus
496 2205 638 2268 divinum
663 2208 814 2284 refertum
842 2208 941 2270 altera
963 2206 1082 2286 pendet
1097 2203 1139 2266 ab
1154 2205 1230 2267 Ec·

240 2306 337 2368 clesia
351 2304 405 2384 (1).

171 2445 179 2460 .
280 2407 309 2466 1.
327 2402 535 2481 Disciplinam
562 2401 796 2465 immutabilem
819 2404 930 2466 dicunt
949 2401 1146 2485 dogmaticam
1168 2405 1227 2466 vel

240 2499 369 2582 dogmati
391 2498 543 2560 adnexam.
566 2500 790 2578 Dogmaticam
815 2507 929 2563 vocant
960 2519 1032 2582 quae
1056 2499 1228 2580 originem

235 2616 330 2662 suam
350 2598 410 2678 ipsi
432 2598 554 2660 Christo
570 2599 665 2660 refert
682 2618 689 2660 :
704 2617 732 2662 v.
747 2618 790 2678 g,
807 2599 985 2662 hierarchia
1003 2598 1156 2660 divinitus
1173 2599 1230 2660 in·

240 2698 360 2772 stituta‚
377 2696 509 2758 materia
521 2700 552 2758 et
562 2697 664 2756 torma
678 2702 958 2760 sacramentorum.
974 2696 1149 2775 Disciplina
1159 2696 1230 2758 hu-

237 2793 378 2873 jusmodi
393 2793 532 2872 pertinet
544 2794 583 2854 ad
601 2793 737 2855 divinam
760 2795 911 2856 Declesiae
938 2793 1227 2857 constitutionem.

280 2892 488 2972 Disciplinam
517 2893 659 2972 dogmati
685 2893 839 2954 adnexam
865 2909 935 2954 eam
957 2892 1119 2972 appellant
1144 2909 1231 2970 quae

240 3007 315 3052 cum
331 2991 479 3070 dogmate
494 2990 537 3051 ita
551 2992 760 3068 connectitur,
785 2997 820 3054 ut
840 2989 960 3054 aboleri
973 2993 1121 3070 nequeat,
1139 2990 1232 3068 quin

240 3089 280 3149 de
294 3089 424 3151 veritate
439 3088 595 3168 dogmatis
610 3090 801 3152 detrahatur.
814 3089 898 3150 Talis
913 3094 961 3152 est
972 3087 1141 3168 disciplina
1156 3106 1235 3167 qua

240 3185 470 3248 Eucharistiam
485 3203 690 3260 veneramur3
708 3204 744 3247 ea
756 3187 842 3247 enirn
854 3187 922 3248 tolli
937 3187 1049 3266 nequit
1062 3186 1131 3246 sine
1148 3203 1229 3248 mn·

240 3281 326 3342 xima
340 3284 488 3346 catholici
503 3285 658 3362 dogmatis
672 3283 797 3362 injuria.
810 3285 948 3346 Proinde
961 3285 1029 3346 haec
1045 3283 1233 3361 disciplina

243 3380 338 3440 etiam
367 3381 462 3442 debet
487 3381 620 3444 immota
638 3400 776 3460 manere,
794 3385 849 3446 sed
865 3388 989 3454 tantum
1010 3383 1043 3444 in
1066 3399 1104 3444 eo
1130 3385 1231 3462 quod

277 3567 311 3624 tl)
324 3563 414 3625 segia,
426 3564 675 3631 Institutionesjuris
688 3569 782 3634 publici
792 3569 966 3634 ecclesiastici,
976 3583 1035 3632 pars
1045 3571 1067 3631 1,
1080 3567 1096 3631 ᾖ
1113 3571 1154 3620 13.
