2604 4270
1007 119 1011 130 '
1079 143 1087 171 s

235 287 269 334 18
394 287 552 333 EXPOSITIO
573 285 751 332 unruonlcn
772 285 855 330 1111118
878 283 1034 334 ennonlcl.

232 420 324 465 suum
338 404 451 466 melius
465 408 694 483 assequeretur.
718 402 858 465 Scientia
865 403 946 482 juris
960 403 1142 492 auxiliante,
1164 405 1215 465 le·

230 517 284 579 ges
298 501 435 563 conditae
447 501 659 576 innotescunt,
676 499 812 579 cognitae
825 499 864 560 ab
877 501 1029 562 Ecclesiae
1042 501 1214 580 magistra-

229 597 313 662 tibus
330 604 494 678 urgentur,
516 617 535 659 a
558 597 692 660 subditis
716 595 931 684 observantur,
955 617 972 659 a
983 598 1160 678 judicibus,
1184 599 1213 658 si

231 694 348 758 fuerint
375 695 508 770 violatae,
538 695 747 756 vindicantur.
774 691 835 755 Ubi
862 692 932 756 haec
945 693 1118 768 deliciunt,
1148 694 1214 755 11οο

230 809 331 854 unum
346 799 491 871 superest
504 797 540 854 ut
557 792 670 871 religio
681 793 879 869 languescat3
896 790 921 851 si
940 798 1051 854 contra
1062 794 1209 867 floreant,

231 909 338 952 rursus
352 891 504 952 Ecclesia
518 890 716 964 reviviscunt,
738 888 841 950 unitas
856 888 1013 950 catholica
1026 889 1119 968 viget,
1138 890 1210 950 cul·

230 994 280 1050 tus
296 988 420 1049 divinus
434 987 569 1065 proficit,
594 987 673 1048 ordo
693 985 766 1048 vitae
783 985 909 1048 socialis
921 986 1004 1064 apud
1020 985 1211 1048 christianos

229 1086 432 1147 instauratur.
448 1086 531 1162 Ergo
548 1083 698 1146 Ecclesiae
718 1083 894 1145 necessaria
913 1089 960 1145 est
978 1083 1112 1145 scientia
1128 1083 1209 1162 juris

231 1183 376 1244 canonici
389 1179 442 1260 (l).

268 1280 307 1341 ll.
324 1281 369 1340 Ne
383 1278 472 1339 laicis
487 1277 617 1357 quidem
634 1276 800 1338 scientiam
813 1294 971 1338 canonum
984 1278 1209 1358 negligendam

231 1392 309 1450 esse,
326 1375 446 1454 triplici
463 1375 584 1436 ratione
599 1373 837 1453 comprobatur.

269 1472 376 1534 Primo
393 1491 399 1532 :
416 1473 525 1534 fideles
537 1477 700 1550 nequeunt
714 1471 747 1531 in
766 1471 887 1534 unitate
903 1462 1211 1536 catholicaetticaci-

229 1576 278 1634 101
299 1570 466 1646 contineri,
481 1587 586 1649 neque
600 1571 640 1632 ad
652 1570 803 1632 Ecclesiae
825 1571 918 1632 linem
942 1572 1131 1651 diriguntur,
1147 1572 1208 1632 nisi

230 1669 390 1730 mediante
404 1671 585 1748 regularum
597 1669 789 1748 cognitione.
807 1669 956 1729 Plurimis
971 1670 1101 1748 quidem
1117 1671 1209 1730 sulti-

217 1765 274 1826 ·011
288 1764 349 1826 ista
360 1766 491 1826 scientia
510 1766 696 1844 imperfecta
714 1784 785 1845 quae
795 1762 848 1828 'est
863 1785 900 1828 ex
913 1768 1039 1842 auditu;
1055 1784 1130 1828 nam
1145 1785 1210 1846 po-

179 1934 182 1950 ,
229 1863 322 1940 pulus
340 1862 463 1940 positus
485 1863 544 1924 suit
566 1865 605 1923 ad
625 1864 777 1924 Ecclesiae
801 1865 930 1925 docenti
954 1863 1209 1943 obsequendum.

271 1959 419 2020 Secundo
437 1959 606 2021 :veritates
630 1961 793 2021 canonicae
815 1961 898 2022 scitu
915 1965 981 2022 tam
997 1961 1091 2022 utiles
1114 1966 1211 2040 atque

176 2072 182 2084 ·
231 2056 334 2136 dignae
363 2061 447 2130 sunt,
471 2062 506 2118 ut
527 2057 631 2119 studia
651 2059 699 2118 vel
720 2058 874 2120 laicorum
897 2059 1057 2120 cultorum
1082 2059 1212 2120 allicere

230 2152 378 2216 debeant.
395 2154 520 2214 Etenim
536 2155 616 2215 mira
628 2155 749 2234 legibus
761 2155 843 2217 inest
858 2155 1012 2234 sapientia
1026 2174 1097 2234 quae
1112 2173 1210 2232 vene-

229 2250 388 2313 ratioriem
397 2251 643 2337 christianorum
658 2270 732 2332 erga
744 2253 920 2315 Ecclesiam
932 2253 1092 2316 conciliat.
1107 2255 1209 2315 Gano-

228 2366 306 2410 num
332 2349 551 2411 convenientia
573 2366 647 2411 cum
667 2346 868 2430 dogmatibus
889 2351 1014 2412 videtur
1037 2367 1105 2412 esse
1119 2351 1209 2412 velut

229 2445 394 2508 catholicae
413 2439 575 2526 religionis
597 2447 742 2526 apologia
758 2447 911 2526 practica.

268 2546 374 2608 'lertio
393 2565 399 2606 :
420 2546 496 2625 ipsis
517 2546 751 2624 magistratibus
773 2563 836 2605 non
859 2545 935 2606 licet
947 2545 998 2624 jus
1014 2545 1211 2607 ecclesiasti·

228 2660 303 2705 cum
325 2643 451 2722 penitus
473 2644 628 2722 ignorare,
644 2644 707 2706 sive
721 2643 795 2722 quia
808 2643 945 2722 maligne
966 2643 1014 2704 vel
1037 2643 1211 2704 inscienter

227 2741 384 2802 violantur
397 2741 547 2803 Ecclesia
560 2743 631 2821 jura
648 2747 680 2803 et
693 2739 819 2803 libertas
839 2756 976 2818 quorum
990 2739 1209 2819 cognitionem

229 2835 389 2898 mentibus
402 2837 518 2915 ingerit
534 2837 667 2899 scientia
682 2836 834 2898 canonica
848 2835 901 2934 (².)'

268 2933 318 2994 lll.
336 2933 485 3012 Inprimis
501 2951 574 2996 vero
588 2935 712 2997 clericis
728 2935 780 3014 jus
793 2935 983 2996 canonicum
996 2935 1078 2996 scitu
1093 2951 1210 2996 neces·

228 3031 346 3091 sarium
362 3035 419 3104 est,
441 3031 562 3092 ratione
584 3032 762 3112 theologiae,
789 3035 887 3094 status
908 3031 1074 3104 clericalis,
1101 3031 1209 3109 praxis

228 3129 430 3189 sacerdotalis
443 3133 474 3190 01
486 3129 626 3192 muneris
643 3131 844 3208 parochialis.

267 3224 375 3286 Primo
391 3245 398 3286 ε
416 3227 557 3306 theologi
576 3227 750 3289 canonibus
765 3228 923 3303 studeant,
936 3243 1074 3288 necesse
1089 3233 1147 3299 est,
1165 3227 1208 3286 si-

227 3316 359 3394 quidem
368 3318 419 3395 jus
432 3320 620 3381 canonicum
631 3321 670 3382 ah
679 3320 822 3403 Ecclesia
832 3321 1077 3382 commendatur
1086 3325 1123 3380 ut
1134 3337 1207 3398 pars

259 3466 292 3530 (1)
309 3464 482 3515 laeta'tutiones
492 3467 565 3530 juris
575 3471 694 3532 cononici,
708 3476 810 3522 auctore
824 3472 853 3521 n.
867 3471 897 3520 de
906 3469 938 3520 11.

259 3546 556 3607 1111111111111111
574 3547 834 3616 000111101111011011
851 3565 890 3599 ses
918 3548 1041 3612 principes
1067 3549 1206 3614 genereus,

226 3626 407 3688 Introduction,
424 3625 474 3689 §⁵-
