2630 4250
207 301 269 347 nic
371 297 527 344 uxrostrlo
548 293 830 342 ueruoolct'ruffls
855 295 1013 342 decorior.

526 505 550 552 1.
568 503 644 564 Origo
662 502 873 552 patriarcharum.

250 681 326 740 Post
340 679 520 738 Romanum
543 675 745 751 Pontificem,
762 676 846 737 inter
859 674 1035 753 Episcopos
1049 671 1196 735 eminent

210 765 398 838 Potrrorcioe
411 774 524 856 (gentis
538 775 586 836 vel
596 778 723 851 patrum
733 771 917 852 principes),
935 771 989 850 qui
1001 769 1195 832 Primatibus

212 879 364 954 prestant
385 874 466 934 siout
487 871 641 934 Primates
655 863 919 949 Metropolitanis‚
935 873 965 932 et
980 867 1195 946 Metropolitae

213 970 388 1052 Episcopis.
405 971 522 1030 llorum
535 968 672 1047 dignitas
686 963 819 1033 invaluit
830 973 904 1030 ante
915 968 1062 1046 ipsorum
1074 982 1197 1030 nornen

214 1075 245 1131 et
258 1073 330 1129 ante
345 1067 497 1138 saeculum
508 1083 552 1141 ιν,
567 1082 642 1128 cum
653 1065 741 1128 illam
753 1065 927 1128 concilium
940 1065 1109 1126 Nicaenum
1121 1081 1197 1126 con-

214 1163 393 1238 llrmarerit,
409 1181 475 1226 non
488 1168 642 1241 quatenus
652 1163 783 1226 inducta
797 1167 881 1226 esset
894 1164 997 1226 solum
1013 1180 1052 1224 ex
1067 1161 1199 1240 antiqua

215 1261 456 1330 consuetudine,
479 1263 535 1324 sed
557 1265 712 1340 quatenus
732 1260 772 1322 ab
787 1261 972 1326 auctoritate
995 1260 1090 1324 Sedis
1108 1263 1198 1338 Apo·

215 1360 491 1437 stolicaeprofecta
509 1366 566 1420 est.
1030 1364 1032 1368 ’

253 1497 277 1548 1.
290 1491 465 1550 Patrtarchae
475 1489 579 1563 priorls
588 1489 719 1561 generis.

250 1583 276 1638 2.
289 1580 463 1637 patriarchae
472 1582 554 1650 juxta
567 1579 754 1636 novissimam
766 1577 962 1651 disciplinam.

506 1775 657 1825 Patriarclrae
668 1775 758 1836 prioris
769 1775 866 1837 generis
881 1777 921 1838 (ll.

254 1943 278 2003 Ι.
295 1940 546 2002 Potriorcizarnm
558 1941 643 2021 prior
663 1960 812 2004 numeras.
823 1975 863 1988 -
882 1943 958 2004 'lres
974 1940 1129 2019 primitus
1142 1958 1202 2002 ex-

215 2039 348 2100 titerunt
358 2037 585 2100 Patriarchales
599 2039 764 2114 Ecclesiam
784 2039 932 2104 videlicet
949 2045 1068 2118 praeter
1084 2040 1202 2104 Roma·

219 2153 293 2218 nam
307 2135 506 2198 Antiochena
524 2140 555 2197 et
564 2137 789 2214 Alexandrina,
800 2155 866 2201 non
875 2137 1040 2200 trahentes
1052 2137 1205 2216 jurisdic-

216 2234 339 2297 tionem
353 2235 391 2294 ab
407 2235 477 2312 ipso
491 2233 662 2312 splendore
675 2234 770 2309 civili,
787 2235 844 2296 sed
854 2251 872 2297 a
884 2235 920 2296 Β.
931 2236 1026 2296 Petro
1037 2234 1202 2314 insignita

217 2338 283 2393 tam
297 2332 361 2392 alto
379 2331 541 2410 dignitatis
554 2333 655 2410 gradu
677 2349 735 2411 per
760 2333 976 2410 copiosiorem
999 2333 1201 2412 principatus

218 2429 415 2491 allusionem.
442 2429 546 2492 'litulo
575 2429 779 2508 patriarchali
803 2429 917 2494 marito
941 2431 1067 2494 donata
1100 2436 1200 2494 aunt:

218 2527 338 2589 etenim
350 2545 417 2588 non
431 2528 535 2590 solum
561 2529 673 2590 Petrus
699 2529 833 2590 Romam
861 2529 1011 2606 renitet
1034 2523 1201 2592 iraeadem

217 2625 533 2686 urbePontifioatum
540 2625 715 2687 Maximum
728 2626 905 2702 coustituit,
918 2645 1030 2688 verum
1041 2628 1138 2690 etiam
1146 2644 1202 2690 ec·

218 2723 346 2785 alesiam
359 2723 591 2784 Antiochenam
604 2723 671 2801 ipse
687 2730 821 2799 rexerat,
839 2725 1126 2786 etAlexandrinam
1140 2741 1201 2803 per

217 2821 359 2881 Marcum
370 2820 563 2898 discipulum
580 2821 723 2884 fundavit
740 2843 747 2897 ;
768 2838 838 2882 eam
853 2821 893 2884 oh
907 2837 976 2884 rem
1000 2821 1204 2884 Patriaroha-

215 2919 270 2979 les
280 2917 430 2978 Ecclesiae
443 2917 507 2978 dici
522 2924 698 2996 creperum,
713 2919 850 2996 visaeque
866 2923 940 2979 sunt
957 2919 1064 2998 dignas
1083 2917 1202 2998 quibus

218 3016 428 3096 majorajura,
449 3030 545 3093 quam
557 3016 691 3091 caeteris,
710 3017 973 3078 concederentur.

257 3113 295 3175 11.
313 3115 522 3174 Accesserunt
546 3115 657 3192 postea
680 3113 915 3176 Patriarchatus
933 3112 1204 3196 Constantinopoli-

219 3218 305 3270 tonus
318 3215 349 3272 et
358 3209 656 3292 Hierosolymitontrs.

258 3307 422 3370 Translato
444 3308 483 3371 ab
501 3309 579 3372 urbe
600 3311 702 3372 Roma
719 3309 1030 3389 Constantinopolim
1049 3309 1203 3388 imperi0‚

254 3477 288 3539 (1)
301 3475 461 3540 Schelstrnte,
470 3479 616 3544 Antiquitas
625 3480 753 3541 Ecclesia,
769 3487 789 3530 t.
804 3481 834 3540 ll,
847 3481 945 3532 dissert.
959 3485 982 3531 6.
996 3509 1028 3519 —
1044 3484 1206 3548 Thomassim

224 3555 297 3606 Vetus
311 3561 336 3605 ei
348 3557 419 3606 Novo
431 3557 550 3607 Ecclesia
566 3560 713 3624 Disciplina,
730 3567 751 3611 t.
770 3561 791 3622 1,
801 3562 845 3612 lib.
864 3561 886 3613 l.
901 3587 933 3601 -·
946 3564 1058 3626 Berardi‚
1070 3563 1206 3617 Commen-

221 3639 287 3688 luria
299 3638 323 3686 ia
331 3637 380 3700 jns
391 3637 597 3702 ecclesiasticam,
608 3648 626 3691 t.
640 3641 660 3704 l,
674 3641 807 3702 disserta,
823 3655 881 3704 cap.
898 3657 919 3694 1.
