2588 4272
445 249 519 292 PARS
541 245 718 293 enuntiatis

450 467 671 558 Ammonos
689 467 718 522 11

263 632 395 675 conarri
407 633 439 672 ur
457 631 649 672 coauucrrouns
666 631 845 674 coucuronuu
857 617 905 690 (l).

134 799 162 859 1.
177 795 326 857 Bullorr'u.
340 827 378 841 -
394 794 459 856 Sub
476 793 564 856 Sixto
575 796 613 867 V,
627 793 769 855 Laertius
783 793 992 871 Cherubinus‚
1009 793 1073 858 Ro-

98 913 219 970 manus,
239 879 432 955 Pontificum
458 892 712 965 constitutiones,
733 897 821 959 extra
850 895 971 971 Corpus
992 893 1073 972 juris

98 999 254 1073 vagantes,
283 1009 301 1052 a
329 993 360 1053 S.
376 993 482 1052 Leone
504 985 618 1068 Magno
644 991 766 1068 primus
780 990 910 1069 collegit
926 992 958 1052 in
974 1009 1073 1052 unum

99 1093 257 1163 volumen,
271 1089 357 1169 quod
372 1085 543 1148 Bullatium
555 1087 737 1167 appellavit,
751 1087 825 1166 lljus
837 1087 920 1148 filius
930 1083 1073 1168 'Angelus

99 1190 197 1250 Maria
213 1187 421 1260 Cherubinus,
451 1203 531 1263 opus
553 1203 571 1245 a
591 1190 680 1264 patre
696 1190 879 1263 susceptum
894 1185 1071 1264 absolvens,

99 1287 215 1366 adjecit
239 1287 354 1347 multas
373 1283 617 1346 constitutiones
627 1299 727 1361 usque
742 1283 781 1342 ad
794 1284 1016 1345 Innocentium
1033 1287 1073 1361 X,

100 1391 129 1447 et
154 1384 297 1464 Mapoura
319 1380 501 1456 Baliarium,
522 1373 657 1459 quatuor
673 1380 889 1443 voluminibus
912 1388 1073 1456 constans,
1186 1453 1190 1463 ,

71 1500 74 1505 ·
101 1481 200 1543 edidit
212 1498 296 1542 anno
313 1481 401 1540 1638.
907 1559 908 1564 γ

140 1579 289 1651 Quintum
306 1579 455 1639 volumen
469 1575 612 1650 accessit,
633 1594 695 1656 quo
720 1577 858 1655 Angelus
884 1594 902 1636 a
921 1579 1077 1640 Lautusca

103 1683 132 1738 et
147 1677 261 1737 Paulus
288 1677 429 1735 alloma
459 1674 617 1752 complexi
642 1679 715 1734 sunt
729 1675 805 1735 alias
834 1675 1077 1737 constitutiones

103 1774 252 1852 usquead
269 1775 465 1834 Clementem
481 1773 517 1832 X.
547 1772 608 1832 Sed
625 1771 768 1833 omnium
783 1773 1015 1850 amplissimum
1029 1779 1077 1836 est

102 1871 270 1932 Bellorr‘cm
284 1869 425 1950 Mopnom
441 1869 480 1929 ab
494 1869 689 1948 Hieronymo
708 1871 862 1932 Maiuardi
881 1872 1004 1933 editum
1017 1874 1078 1934 Ro·
1145 1913 1148 1920 ι

105 1987 173 2041 mae,
203 1975 234 2030 et
263 1968 296 2028 in
321 1965 565 2048 quatuordecim
595 1973 700 2028 tomos
734 1968 949 2031 distributum.
976 1971 1012 2031 In
1039 1988 1077 2032 eo

105 2067 307 2129 continentur
332 2064 575 2126 constitutiones
601 2066 792 2127 Pontificum
812 2069 1078 2148 aLeoncMagno

104 2166 142 2226 ad
159 2166 355 2226 Clementem
371 2163 437 2222 Xll.

141 2264 176 2324 ln
187 2261 349 2340 publicam
364 2260 470 2320 lucem
483 2259 683 2336 prodierunt,
702 2260 792 2338 jussu
812 2262 977 2324 Benedicti
993 2257 1075 2340 XIV,

105 2359 200 2438 ipsius
216 2356 470 2430 constitutiones,
488 2356 582 2416 tornis
598 2361 734 2434 quatuor
749 2349 1000 2437 comprehensae.
1015 2363 1080 2422 Nu-

106 2475 160 2535 per
172 2456 253 2517 edita
273 2459 320 2516 cst
333 2454 438 2534 Mupui
448 2452 581 2513 Bellorii
593 2455 789 2529 continuatio,
813 2457 982 2518 Clementis
996 2459 1077 2536 Xlll,

108 2554 275 2616 Clementis
289 2555 370 2623 XIV,
399 2553 447 2612 Pii
474 2553 527 2626 vl,
551 2551 598 2611 Pii
615 2553 681 2626 Vll,
695 2553 808 2612 Leonis
820 2555 885 2628 ΧΠ,
901 2555 948 2614 Pii
964 2558 1032 2618 Vlll
1048 2563 1080 2619 et

109 2652 246 2732 Gregorii
260 2652 329 2713 XVI
344 2649 586 2712 constitutiones
601 2650 818 2727 complectens
829 2651 960 2726 (Romae,
977 2655 1076 2733 1835).

144 2751 217 2810 Haec
246 2748 396 2822 Bollane,
430 2746 456 2806 si
488 2746 570 2807 forte
602 2733 740 2825 excipias
777 2747 952 2808 Bullarium
978 2750 1081 2812 Benc-

109 2846 182 2908 dicti
195 2847 277 2921 xlv,
295 2850 367 2906 sunt
382 2860 479 2922 opera
491 2843 623 2922 privata.

145 2942 398 3005 ilementorum
422 2940 598 3003 collectiones
621 2942 691 3004 aliae
715 2949 789 3006 sunt
812 2945 983 3024 generales
1010 2945 1080 3008 aliae

110 3049 211 3104 autern
228 3041 449 3121 particulares.

147 3143 193 3202 Ad
219 3139 417 3218 colligendos
444 3155 582 3200 canones
611 3139 754 3201 omnium
787 3142 998 3204 conciliorum
1026 3161 1081 3206 sua

113 3239 207 3299 studia
218 3238 420 3300 contulerunt
433 3237 539 3315 plures
554 3237 613 3298 viri
632 3239 718 3300 docti
731 3259 738 3311 ;
750 3259 777 3299 v.
790 3257 834 3318 g.‚
855 3240 888 3300 in
899 3242 1016 3304 saeculo
1028 3258 1081 3304 xvr

114 3335 221 3412 Meritis,
239 3333 363 3409 Crabbe,
384 3333 512 3411 Sorioc;
526 3334 560 3394 in
577 3337 707 3426 saeculo·
722 3353 787 3399 xvu
811 3337 920 3414 Labie,
950 3338 1080 3418 Cossort,

140 3509 168 3567 (1)
177 3508 289 3569 Phillips,
303 3507 341 3554 Du
352 3505 422 3554 droit
432 3505 616 3572 ecclesiastr'que
626 3505 692 3568 dous
704 3522 743 3558 ses
752 3523 859 3573 sources,
870 3511 943 3572 chop.
957 3477 1020 3563 uf·
1032 3513 1080 3561 Dc·

110 3586 165 3666 ‚¹⁰⁶¹
178 3587 368 3651 Prolepomenc,
383 3599 440 3648 cap.
458 3600 506 3637 vu.
