2604 4270
235 235 267 282 16
392 233 547 279 EXPOSITIO
568 230 746 278 unrhonlut
766 233 848 276 Junts
871 231 1025 277 CANONICI.

1077 351 1079 355 ’
1174 363 1194 398 ο

404 439 429 486 2.
445 436 584 488 Discrimeu
599 437 705 498 logicum
717 435 852 497 utriusque
862 437 973 486 scientia
988 441 1035 496 (lt.

272 592 299 652 Ι.
318 590 436 650 Eadem
452 587 595 649 doctrina
609 603 695 648 sacra
710 587 929 666 multipliciter
941 587 1135 649 considerari
1154 605 1215 667 po-

232 692 293 748 test
313 705 320 747 :
340 687 403 747 alio
424 687 520 748 modo
536 691 690 763 quatenus
713 703 731 745 a
751 687 940 746 revelatione
958 685 1097 762 produit,
1115 687 1215 746 refar-

231 789 284 845 tur
306 786 345 844 ad
369 785 517 862 dogmata
537 783 623 857 fidei,
643 783 705 844 alio
720 784 867 844 modoad
882 783 1025 862 regimen
1045 783 1211 859 Ecclesiae,

232 881 295 941 alio
326 881 463 958 deniqne
485 881 524 940 ad
552 879 755 941 conscientiae
789 880 1008 942 directionem.
1037 883 1214 960 Propterea

232 979 318 1054 fidel,
335 996 525 1056 morumque
540 982 571 1039 et
585 979 692 1058 legum
706 979 851 1041 tractatio
865 984 934 1040 tum
944 981 983 1040 ad
995 981 1213 1058 dogmaticam

231 1081 262 1136 ct
276 1077 431 1151 moralem
445 1076 648 1154 theologiam,
666 1085 733 1136 tum
745 1077 784 1135 ad
797 1075 848 1154 ius
870 1077 1120 1138 ecclesiasticum
1134 1093 1212 1156 per-

230 1173 322 1234 tinet.

270 1271 498 1332 Verumtamen
515 1287 565 1332 res
580 1270 671 1332 aliter
683 1287 701 1330 a
712 1271 883 1350 theologia,
900 1272 990 1333 aliter
1002 1255 1099 1352 ajuro
1114 1290 1214 1335 cano·

230 1368 302 1428 nico
311 1372 485 1446 spectatur.
499 1365 502 1372 ’

264 1467 372 1526 Primo
384 1465 513 1546 quidem
523 1467 691 1528 manifesta
704 1471 751 1527 est
764 1466 925 1528 distinctio
937 1467 1016 1546 juris
1029 1469 1177 1531 canonici
1193 1487 1214 1530 a

228 1561 388 1643 theologia
403 1564 593 1643 dogmatica.
616 1567 690 1626 Haec
708 1565 794 1624 enim
809 1565 847 1624 de
864 1565 1049 1626 veritatibus
1063 1567 1212 1628 revelatis

228 1667 259 1723 et
272 1662 311 1722 ab
323 1664 464 1724 Ecclesia
473 1663 644 1742 propositis
661 1663 797 1737 disserit,
810 1669 844 1724 ut
857 1669 973 1726 statuat
987 1667 1128 1740 regulam
1140 1683 1215 1727 cre-

228 1759 340 1832 dendi3
356 1761 435 1820 illud
446 1778 519 1821 vero
530 1762 614 1838 leges
625 1760 765 1838 exponit,
778 1767 928 1839 tanquam
939 1761 1051 1839 agendi
1064 1763 1212 1839 regulam

134 1855 137 1864 '
227 1875 393 1937 perquam
409 1864 497 1918 recta,
513 1857 699 1944 gubernatio
717 1859 867 1920 Ecclesiae
889 1862 1041 1930 firmatur.
1067 1861 1213 1924 scientia

228 1955 409 2034 dogmatica
426 1955 501 2015 fidei
517 1955 692 2016 canonibus
704 1955 861 2031 innititur,
879 1958 911 2016 in
926 1957 1041 2036 quibus
1056 1958 1213 2037 proponi·
1280 1981 1283 1985 ·

226 2055 278 2112 tur
300 2052 421 2130 aliquid
445 2053 661 2124 credendum;
679 2053 861 2113 etvicissim
881 2057 961 2116 mult
949 2061 989 2116 tae
1004 2055 1088 2132 leges
1110 2057 1210 2118 disci-

226 2149 365 2247 plinares
384 2149 488 2210 afidei
512 2149 672 2228 regulist
647 2168 657 2208 1
673 2167 690 2209 a
709 2151 859 2228 pendent,
880 2158 915 2212 ut
902 2153 1080 2214 teredendi
1097 2156 1212 2270 regula

226 2222 368 2324 regulam
380 2247 493 2326 agendr
509 2253 610 2308 constr
600 2247 688 2308 i.tuat

266 2345 315 2404 Ad
340 2362 445 2406 mores
467 2347 592 2424 quoda
575 2346 698 2420 attinet,
727 2347 868 2423 quamvis
887 2349 938 2427 jus
962 2349 1153 2412 canonicum
1175 2357 1210 2413 et

226 2441 385 2523 theologia
408 2444 535 2505 moralis
556 2444 590 2504 in
612 2445 807 2522 exponendis
823 2448 936 2526 agendi
954 2449 1071 2525 regulis
1090 2465 1211 2510 conve-

225 2540 324 2616 niant,
342 2547 449 2602 tamen
476 2541 560 2603 inter
578 2547 746 2619 utramque
769 2543 938 2604 scientiam
960 2547 1125 2624 multiplex
1146 2529 1212 2607 dis-

224 2639 346 2700 crimen
360 2640 539 2702 intercedit.
559 2643 702 2718 Namque
717 2641 769 2719 jus
782 2643 970 2704 canonicum
986 2645 1139 2722 primario
1153 2647 1209 2706 in-

223 2736 328 2798 tendit
337 2737 409 2798 vitae
424 2737 548 2798 socialis
563 2737 788 2799 rectitudinem
801 2737 923 2816 legibus
937 2745 1206 2822 comparandam3

223 2833 385 2912 theologia
405 2853 479 2896 vero
494 2835 633 2918 moralis
652 2836 771 2896 motivo
785 2840 923 2914 generali
937 2839 1087 2904 honitatis
1109 2847 1210 2922 atque

223 2931 365 3006 malitiae,
384 2936 527 2993 versatur
542 2932 627 2992 circa
640 2932 770 2994 virtutes
789 2952 899 2996 omnes
915 2953 951 2998 ac
966 2939 1050 3000 vitia.
1072 2942 1208 3020 Insuper

221 3029 281 3088 ista
296 3029 458 3108 praecipue
469 3033 590 3108 spectat
598 3029 914 3093 conscientiacforum
925 3034 1105 3112 internum;
1123 3039 1206 3100 illud
1298 3027 1299 3040 ¹

221 3128 328 3184 autem
343 3144 479 3188 maxime
488 3127 764 3188 forumcxternnm
779 3130 920 3208 respicit.
937 3134 1102 3212 Denique
1090 3154 1142 3214 pus
1154 3154 1206 3198 ca-

220 3220 372 3282 nonicum
385 3242 450 3284 non
464 3223 645 3288 considerat
658 3223 796 3302 singulos
811 3228 919 3288 fideles
933 3247 1020 3290 more
1032 3232 1206 3314 theologiae

222 3317 375 3391 moralis;
405 3305 489 3380 sedt
476 3326 545 3381 tum
564 3321 744 3380 universam
768 3323 885 3384 socicta
869 3331 950 3386 atem
981 3329 1200 3411 christianam,

223 3418 291 3474 tum
307 3415 445 3492 singulos
459 3419 556 3478 relate
570 3419 609 3477 ad
624 3420 951 3484 communitatem't
904 3442 936 3482 m
938 3430 1053 3488 t.uetur

250 3565 286 3626 (l)
298 3563 388 3625 sagda,
404 3563 574 3616 institutiones
582 3563 654 3628 juris
667 3565 826 3618 ecclesiastici
835 3569 943 3633 publici,
960 3587 1018 3634 pars
1032 3576 1052 3637 1,
1066 3591 1121 3639 cap.
1138 3594 1159 3632 r.
