2620 4258
472 158 546 204 PARS
568 157 733 204 sanemus.
1041 157 1092 206 eal
1125 204 1128 213 ,

156 281 192 342 ll.
219 281 264 342 le
274 277 517 352 consuetudine,
533 279 641 339 Patres
652 279 683 337 et
696 275 893 337 consultores
904 277 1095 339 distribuun-

115 378 214 440 turin
229 375 464 458 congregationes
470 373 678 456 perticatulae,
693 372 808 451 quibus
819 373 948 452 singulis
963 375 1095 437 diversae

114 477 257 538 materiae
270 476 515 538 committuntur
529 473 750 534 discutiendae.
776 473 811 532 In
827 475 1097 554 congregationibus

113 573 295 655 carceralibus
320 575 432 636 eadem
456 573 584 651 negotia
612 573 717 632 denuo
745 571 973 647 examinantur,
999 577 1094 651 atque

113 674 229 734 ultimo
255 673 467 752 disponuntur
494 671 623 732 decreta
645 687 715 750 quae
745 669 777 730 in
798 671 937 732 sessione
964 671 1095 732 ferenda

113 778 196 833 sunt.

152 870 205 930 Ill.
231 868 296 931 Sub
311 867 440 932 concilii
452 869 549 930 finem
563 868 690 929 decreta
700 867 732 927 in
748 867 886 930 sessione
898 867 1032 930 solemni
1044 880 1094 928 ac-

114 972 281 1046 ceptantur
294 973 325 1029 et
338 965 591 1030 subscribuntur.

282 1183 403 1242 Quusrro
418 1187 452 1236 3⁸.
461 1211 491 1220 -
506 1183 543 1233 Da
554 1196 736 1234 nroocnraronn
751 1195 920 1234 nncnnronun.

149 1342 177 1404 1.
199 1341 294 1402 Juxta
315 1340 516 1420 disciplinam
534 1341 710 1420 antiquam,
731 1340 866 1402 concilia
886 1339 1093 1418 provincialia

109 1456 175 1500 non
191 1437 374 1500 condebant
388 1457 468 1500 nova
481 1443 596 1500 statuta
611 1440 678 1500 sine
694 1455 848 1500 consensu
863 1440 900 1498 R.
918 1438 1090 1500 Ponticus.

109 1537 199 1596 Nunc
209 1535 383 1597 concilium
398 1541 525 1597 tenetur
551 1553 606 1596 sua
626 1537 753 1598 decreta
774 1534 930 1613 subjicere
955 1533 1091 1594 examini

110 1639 140 1694 et
153 1633 345 1695 correctioni
361 1636 486 1696 Sanctae
503 1635 604 1696 Sedis.
624 1635 658 1694 Id
673 1639 796 1696 constat
811 1652 848 1694 ex
861 1632 1090 1696 constitutione

109 1731 190 1794 Sixti
204 1733 230 1794 V
243 1733 282 1792 ad
298 1732 576 1811 congregationem
591 1731 746 1812 concilii(
767 1731 788 1812 ).

146 1831 186 1892 ΙΙ.
200 1831 262 1892 Ista
272 1829 456 1908 recognitio,
471 1847 532 1908 qua
542 1829 752 1908 Congregatio
763 1830 893 1909 corrigit
903 1829 936 1889 in
952 1828 1089 1890 decretis

108 1941 230 2006 eaquae
242 1929 305 2007 juri
318 1929 421 1989 minus
438 1932 649 1989 consentanea
668 1932 751 1999 sunt,
769 1928 886 1989 dicitur
900 1925 1088 2006 approbatio

108 2025 137 2084 a'a
150 2025 249 2106 forma
263 2027 427 2103 eommuni,·
441 2027 474 2086 in
488 2043 524 2087 ea
537 2026 728 2106 simpliciter
745 2026 864 2088 dicitur
878 2031 947 2087 acta
961 2024 1089 2086 concilii

107 2125 302 2204 promulgari
315 2143 418 2204 posse.
1017 2119 1019 2124 ⁵

145 2221 337 2301 Aliquando,
366 2223 578 2302 Metropolitis
602 2223 846 2302 postulantibus
868 2223 1005 2286 concilia
1022 2240 1088 2283 non

106 2324 231 2382 tantum
253 2323 472 2395 emendantur,
488 2338 599 2382 verum
620 2321 717 2382 etiarn
735 2338 753 2381 a
776 2323 909 2383 Summo
932 2320 1086 2387 Pontifice

107 2435 164 2500 per
177 2420 374 2500 Apostolicas
387 2419 508 2482 litteras
524 2419 765 2480 confirmantur.
790 2503 799 2514 Ι

349 2635 364 2700 ἓ
376 2635 402 2688 l.
413 2661 443 2673 -
458 2633 495 2686 lle
506 2633 611 2700 synodo
625 2633 783 2684 dioecesana
795 2634 837 2695 (tl.

15 2859 16 2862 Ἴ
145 2791 194 2853 Ab
208 2791 300 2853 initio
315 2791 477 2867 Ecclesiae,
495 2793 598 2853 clerus
623 2790 758 2852 civitatis
777 2787 966 2870 episcopalis
989 2790 1084 2850 ellor-

106 2889 200 2951 mavit
216 2889 396 2966 consilium,
411 2890 500 2969 eujus
514 2907 611 2969 opera
619 2888 953 2968 utebaturEpiscopus
964 2888 997 2947 in
1009 2887 1085 2948 diea-

15 3001 16 3044 ;
107 2988 184 3050 cesis
201 2987 367 3066 regimine.
383 2987 546 3049 Parochiis
561 2989 705 3064 nondum
728 2987 891 3068 institutis,
917 2985 1083 3066 presbyte-

15 3095 16 3162 ζ
106 3087 187 3148 rium
199 3091 265 3150 erat
282 3085 407 3146 assidua
428 3087 504 3148 cleri
521 3085 690 3148 dioecesani
703 3086 917 3164 congregatio.

15 3199 16 3206 ¹
130 3183 375 3286 ,Duoinstituta
386 3184 687 3263 nempecapitulum
697 3189 728 3246 et
738 3184 886 3265 synodus,
900 3182 1081 3262 abantiquo

134 3368 168 3432 (1)
184 3367 334 3418 Constitutio
347 3367 481 3427 lnamensu,
495 3371 565 3419 1587.

15 3495 16 3510 ,
134 3451 166 3511 (2)
178 3449 327 3498 Benedictus
341 3448 405 3510 XIV,
418 3448 450 3498 de
468 3448 568 3512 Syaodo
585 3447 738 3499 dioecesana.
754 3475 784 3484 -
796 3449 821 3499 S.
835 3448 947 3508 Carolus,
961 3447 1021 3498 Aeta
1035 3447 1079 3495 Ee·

15 3521 16 3582 Ϊ
106 3525 187 3576 elesa'oe
196 3526 402 3577 Mediolanensia.
