2620 4258
233 319 284 368 aad
401 315 557 364 lexeosmlo
579 315 757 364 unrflonlcl
778 315 862 364 JURIS
884 313 1042 366 cetorum.

230 455 312 500 anno
326 439 402 499 1545
418 441 449 498 et
469 435 739 515 subsequentibus
746 434 945 498 celebratum
959 437 1070 497 contra
1085 449 1211 497 errores
1308 439 1309 448 ’

231 535 476 598 Protestantium
489 539 521 596 et
534 553 592 614 pro
602 533 801 596 restituenda
816 533 995 612 disciplina.
1308 537 1309 562 ¹

354 751 379 800 2.
397 748 508 800 concilia
519 747 611 812 partim
626 750 771 811 approbata,
791 748 884 812 partim
896 749 1030 811 reprobata
1039 749 1085 814 ll).

269 914 408 992 Oualuor
421 917 556 980 concilia
570 917 687 996 partim
701 916 884 998 approbata,
902 917 1019 997 partim
1037 919 1210 997 reprobata

229 1023 303 1078 sunt
318 1037 325 1078 :
339 1015 511 1078 Sordiccose
523 1015 580 1077 sub
594 1019 611 1078 J
614 1017 679 1078 ulio
692 1018 705 1078 l
719 1035 801 1078 anuo
815 1021 871 1080 351
888 1017 1087 1078 celebratum
1096 1017 1131 1078 in
1146 1036 1210 1096 quo

229 1119 289 1178 300
303 1114 454 1194 Episcopi
468 1114 566 1174 fidem
580 1114 769 1176 catholicam
788 1119 975 1190 statuerunt,
990 1117 1210 1176 Arianismum

227 1217 278 1276 80.
294 1246 335 1260 —
350 1212 552 1288 (intemeratam
566 1229 622 1274 seu
639 1211 821 1288 Troltoaum,
837 1215 882 1274 ita
894 1213 1017 1274 dictum
1032 1232 1050 1274 a
1063 1214 1139 1274 loco
1155 1229 1211 1290 pa·
1308 1237 1309 1256 ¹

228 1311 296 1374 latii
311 1311 484 1390 imp'erialis
499 1311 530 1370 in
548 1329 610 1389 quo
630 1310 687 1372 sub
709 1311 819 1388 Sergio
837 1327 920 1373 anno
936 1315 993 1374 692
1009 1311 1209 1372 celebratum
1308 1303 1309 1312 ³

228 1416 286 1486 est,
306 1409 426 1488 quintae
441 1413 472 1470 et
493 1413 589 1470 sextae
605 1410 725 1487 synodo
739 1409 1096 1488 Constantinopolitanae
1109 1425 1210 1469 cano·
1308 1455 1309 1476 l

140 1589 142 1592 ι
226 1525 282 1570 nes
304 1507 438 1584 addidit,
463 1524 501 1568 ex
524 1507 638 1585 quibus
659 1507 797 1586 plurima
814 1507 992 1588 reprobata,
1019 1507 1169 1588 quaedam
1192 1525 1211 1567 a
1308 1495 1309 1538 ³

226 1605 430 1668 Pontificibus
444 1609 572 1684 recepta
585 1609 668 1666 sunt.
683 1637 723 1651 —
738 1603 973 1680 Constantieosa.
983 1623 1067 1666 anuo
1083 1607 1165 1666 1414
1177 1609 1209 1666 et
1308 1657 1309 1700 p

227 1703 491 1784 subsequentibus
513 1702 571 1763 suh
589 1702 692 1764 tribus
714 1701 921 1764 Pontificibus
938 1702 1043 1764 dubiis
1065 1703 1210 1782 primum
1308 1701 1309 1770 }

226 1803 432 1876 celebratum,
459 1802 574 1863 deinde
597 1799 654 1862 sub
676 1801 812 1862 Martino
836 1803 863 1863 V
888 1800 1082 1863 absolutum.
1107 1801 1209 1880 Hujus
1308 1827 1309 1830 ¹

227 1917 319 1962 causa
334 1901 392 1960 luit
405 1900 542 1961 schisma
553 1899 735 1960 Occidentis
747 1900 1005 1978 extinguendum,
1021 1900 1208 1962 reformatio

225 1997 381 2073 iacienda,
394 1999 473 2058 fides
484 1999 713 2059 confirmanda.
725 1999 878 2060 Martinus
891 2001 917 2061 V
930 2000 1008 2060 illud
1020 1999 1209 2078 approbavit

226 2097 331 2178 quoad
348 2095 456 2156 omnia
468 2095 583 2156 decreto
595 2094 625 2154 in
638 2095 769 2156 materiis
784 2095 1067 2172 fidea'eoocilioriter‚
1078 2117 1135 2158 aaa
1147 2096 1208 2157 oli-

138 2193 141 2198 “
227 2203 283 2269 ter,
302 2213 353 2255 aee
375 2193 432 2254 atio
452 2193 545 2269 modo,
565 2193 663 2255 idest
680 2195 786 2274 quoad
807 2196 935 2258 decreta
951 2201 1062 2258 eontra
1082 2213 1210 2258 errores

226 2294 335 2355 Violeli
351 2299 383 2355 et
393 2293 607 2355 Hussitarum.
623 2294 1056 2358 DecretaverosessionislVl
1070 2299 1101 2357 et
1116 2296 1159 2357 ll⁸⁸
1174 2294 1209 2355 in

226 2393 341 2471 quibus
362 2393 512 2454 asseritur
533 2391 708 2453 concilium
723 2409 790 2452 esse
813 2411 908 2471 supra
922 2391 1120 2468 Pontificem,
1141 2411 1211 2455 non
1308 2381 1309 2390 ¹

226 2497 298 2553 sunt
311 2489 496 2570 approbata,
519 2506 623 2568 neque
638 2488 853 2550 conciliariter
869 2491 963 2551 lacta.
988 2491 1132 2553 Schisma
1150 2509 1212 2552 ex-

227 2589 362 2654 tinctum
375 2589 434 2650 fuit
449 2588 513 2648 sive
524 2605 580 2666 per
595 2586 841 2668 promissionem
852 2589 869 2649 J
873 2589 984 2649 oannis
995 2590 1088 2650 Xlllll
1102 2594 1135 2650 et
1150 2591 1208 2651 de·

227 2689 400 2750 sarlionem
414 2687 579 2748 Benedicti
602 2687 681 2762 XIII,
698 2686 761 2746 sive
781 2686 983 2764 potissimum
999 2705 1055 2766 per
1077 2686 1211 2749 abdica·
1308 2763 1309 2772 ἵ

225 2786 347 2846 tionem
384 2783 524 2863 Gregorii
556 2785 610 2844 Xll
644 2788 676 2844 et
704 2783 895 2844 electionem
931 2784 1057 2846 Martini
1093 2787 1133 2848 V.
1168 2817 1213 2832 -
1308 2773 1309 2804 ³

226 2881 400 2958 Basileeosa,
417 2899 500 2942 anno
517 2883 592 2942 1431
614 2881 822 2958 celebratum,
842 2883 931 2962 cujus
945 2882 1074 2944 nonnisi
1088 2900 1213 2963 paucas
1308 2879 1309 2912 l

176 3005 178 3008 ’
228 2982 267 3042 de
279 2979 440 3044 beneficiis
452 2979 676 3060 dispositiones
686 2979 873 3060 approbavit
887 2980 1033 3044 Nicolaus
1048 2983 1091 3045 V.
1308 2967 1309 2990 ¹

570 3183 594 3234 3.
604 3180 714 3235 Consilia
724 3183 866 3248 reprobata.
972 3169 974 3174 ¹

269 3339 409 3416 Quatuor
424 3340 560 3408 concilia
575 3356 612 3406 ex
625 3348 694 3406 toto
709 3341 880 3422 reprobata
899 3346 991 3406 sunt:
1007 3340 1214 3424 Ariminense,

261 3531 293 3592 (l)
309 3529 389 3590 Binan,
402 3530 549 3592 Apparatus
565 3526 841 3594 adjurisprudentiam
855 3531 1015 3582 cononicam.
1034 3553 1065 3571 *-
1078 3532 1215 3595 Ballarini,

228 3610 263 3661 De
280 3613 405 3674 potestate
420 3609 567 3672 Pontificum
582 3613 606 3660 et
619 3611 796 3664 Consiliorum
812 3633 843 3648 *-
854 3613 1013 3672 schelstrate,
1030 3611 1069 3662 De
1087 3627 1166 3664 sensu
1189 3616 1218 3664 et

226 3691 379 3740 auctoritate
388 3687 541 3740 decretorem
552 3690 751 3741 Constantinus
764 3692 881 3744 concilii.
