2620 4258
249 233 299 280 “288
415 228 569 274 uxrostvlo
590 225 768 272 unvflomcc
788 223 871 270 JUEIS
894 221 1050 267 CANONICI.

453 454 495 503 lv.
514 451 669 513 —Episcopi
681 450 740 510 lura
757 449 830 498 utilia
844 454 869 496 ct
880 447 1025 497 honorifica.

288 625 407 684 Praeter
420 620 516 682 totins
529 617 674 680 dioecesis
688 616 932 695 inspectionem,
956 628 1165 693 personarum
1180 611 1231 672 di-

257 721 437 803 rectionem
448 724 481 778 et
500 733 607 778 rerum
626 714 947 784 administrationem,
963 711 1126 790 Episcopo
1141 725 1232 770 com-

249 823 362 896 petunt
375 817 436 879 alia
442 817 512 895 jura
521 832 591 892 quae
603 813 701 892 ipsius
714 829 883 892 personam
895 809 1083 889 respiciunt,
1093 823 1229 884 nempe:

251 916 282 976 1⁰
296 917 312 978 J
316 934 372 976 ura
385 912 487 988 stilic·
499 915 531 974 2⁰
542 912 612 990 jura
624 908 796 990 honorifico.

643 1127 664 1172 i.
676 1124 738 1172 lora
750 1121 829 1171 utilia.

287 1283 336 1346 Ad
357 1281 552 1360 Episcopum
580 1282 703 1356 spectat
727 1277 778 1358 jus
802 1294 821 1336 a
844 1273 979 1336 subditis
1005 1274 1124 1336 tributa
1146 1272 1234 1334 reci·

246 1380 376 1461 piendi3
395 1397 466 1457 quae
476 1381 615 1456 potestas
626 1375 789 1440 consucvit
804 1375 855 1435 lex
863 1371 1022 1434 diocesano
1033 1371 1230 1450 nuncupari.

252 1483 322 1541 Huc
334 1478 517 1558 pertinent:
1157 1543 1159 1546 Ι

283 1579 308 1638 Ι.
323 1573 499 1636 Procurotio
512 1573 657 1644 canonico,
670 1588 784 1650 nempe
799 1569 935 1631 honesta
949 1567 1140 1634 sustentatio
1156 1555 1231 1645 quae

245 1674 404 1754 Episcopo
424 1671 588 1734 dioecesim
603 1670 743 1732 visitanti
762 1667 897 1730 debetur
908 1667 999 1746 juxta
1022 1665 1232 1726 consuetudi-

250 1789 335 1834 nem.

285 1871 322 1929 ll.
343 1865 580 1929 Cothedroticum
595 1882 651 1924 seu
675 1861 906 1944 Syaodaticum;
925 1879 988 1939 quo
1012 1849 1088 1939 jure
1112 1877 1228 1922 census
1293 1863 1294 1914 ξ

249 1963 417 2042 quotannis
427 1963 466 2040 (v.
476 1981 509 2039 g.
521 1968 667 2040 tempore
677 1959 811 2040 Synodi)
823 1960 980 2040 Episcopo
989 1959 1150 2020 solvitura
1161 1959 1230 2018 sin-

248 2059 328 2140 gulis
344 2057 492 2119 Ecclesiis
507 2055 540 2115 in
552 2056 759 2136 subjectionis
772 2057 898 2136 signum
909 2061 940 2118 et
953 2056 987 2116 in
1001 2056 1159 2116 honorem
1176 2073 1231 2117 ca·

248 2157 380 2229 thedrae‚
396 2155 457 2214 nisi
471 2155 669 2216 consuetudo
686 2155 847 2216 contraria
861 2153 1104 2234 proscripserit.

286 2255 338 2315 ΠΙ.
353 2253 460 2316 Porcio
477 2251 624 2328 canonico,
656 2270 713 2314 seu
729 2257 840 2331 quarta
864 2270 936 2332 pars
957 2253 1134 2331 legatorum
1156 2252 1229 2330 pio-

251 2369 323 2414 rum
352 2350 502 2414 Ecclesiis
534 2349 783 2412 obvenientium.
807 2351 923 2412 Nititur
938 2351 1035 2412 veteri
1054 2350 1228 2430 partitione

251 2453 419 2525 bonorum,
436 2449 491 2510 sed
510 2448 543 2510 in
556 2448 664 2509 multis
676 2447 866 2509 dioecesibus
881 2448 1048 2511 obsolevit.

291 2550 343 2612 lv.
363 2545 532 2608 Sebastiam
546 2545 709 2620 charitatis,
724 2545 757 2603 in
772 2543 900 2623 publica
911 2547 1095 2608 necessitate
1105 2563 1232 2624 paupe·

252 2663 323 2707 rum
335 2646 383 2708 vel
399 2644 543 2706 dioecesis
557 2643 793 2722 postulandum.

293 2746 330 2805 V.
342 2741 612 2822 Tucoeepiscopali
623 2739 1232 2818 cancellariaeprodocumentisscriptis
1292 2763 1293 2794 v

252 2837 418 2902 solvendae.

611 3001 635 3048 2.
650 2998 711 3046 Jura
720 2996 862 3048 honorifica.

294 3157 372 3216 Cum
402 3151 552 3231 Episcopi
568 3151 631 3212 sint
655 3151 815 3230 principes
847 3151 1011 3226 Ecclesia,
1040 3151 1234 3231 dignitatem

255 3251 470 3330 episcopalem
485 3250 600 3310 decent
612 3255 681 3310 tum
695 3247 800 3310 iudicio
814 3249 996 3326 reuerentiae,
1008 3256 1078 3312 tum
1092 3249 1232 3330 matyrio,

255 3352 323 3407 tum
336 3345 501 3428 privilepio.

293 3445 318 3504 Ι.
343 3441 455 3502 Indicio
468 3441 609 3518 honoris,
624 3441 783 3523 Episcopo
795 3443 986 3517 exhibenda,
1002 3449 1074 3504 sunt
1091 3463 1098 3503 ε

296 3543 323 3601 t.
341 3535 547 3616 Procedeouc,
565 3557 626 3618 qua
652 3545 720 3603 tum
742 3547 874 3606 caeteros
900 3541 1034 3605 clericos
1055 3539 1234 3620 episcopali
1291 3605 1292 3612 χ
