2626 4258
233 265 285 314 ³86
406 262 562 312 uxrostmu
583 259 760 309 EETRODICA
781 258 864 308 touls
887 257 1042 306 GANOMCI.

561 473 587 523 2.
602 471 701 522 statuta
711 469 870 534 cupltularia.

270 635 295 689 l.
309 633 358 688 tus
372 645 527 690 commune
542 629 620 687 circa
634 633 740 686 statute
753 628 958 702 capitulorum.

269 727 296 777 a.
310 723 361 777 lus
374 719 533 792 capitulare
544 719 576 775 iu
589 717 691 774 Gallia.

440 924 486 972 lus
498 885 629 973 commune
639 921 707 974 circa
720 929 816 972 statuta
827 922 1004 986 capitulorum.

277 1093 302 1155 1.
320 1091 490 1175 Capitulum
498 1100 595 1174 potest
605 1092 705 1174 alapae
718 1099 831 1153 statuta
845 1090 902 1152 siti
913 1087 1143 1152 conderellatio
1152 1091 1213 1164 est,

239 1192 313 1272 quia
339 1193 477 1278 capitula
498 1197 571 1254 suut
593 1191 727 1270 collegia
750 1190 892 1270 legitime
913 1189 1101 1263 constituta3
1125 1185 1216 1266 atqui

239 1307 333 1352 omne
355 1309 469 1370 corpus
491 1291 611 1352 morale
628 1289 724 1352 habet
747 1290 929 1351 facultatem
949 1287 1008 1348 sihi
1024 1283 1217 1365 providendi

240 1401 297 1462 par
312 1390 428 1446 statuta
442 1383 556 1464 quibus
571 1385 666 1444 finem
683 1400 776 1446 suum
789 1388 1012 1462 consequatur.

280 1483 413 1544 Accedit
447 1482 618 1544 auctoritas
663 1481 900 1544 canonistarum
938 1487 969 1542 et
1006 1479 1217 1542 tribunalium

170 1642 171 1645 ,
242 1581 365 1642 Sanctae
389 1581 505 1642 Sedis:
536 1602 550 1638 u
574 1581 736 1660 Explorati
758 1580 837 1660 juris
858 1584 906 1641 est
924 1579 1100 1658 capitulum
1123 1594 1219 1657 posse

242 1682 379 1740 statuere
393 1696 488 1758 super
501 1679 550 1740 his
565 1697 635 1757 quae
650 1679 807 1758 adipsum
820 1677 981 1756 pertinent
995 1675 1071 1756 (1).»

282 1777 324 1840 ΙΙ.
346 1776 446 1852 Ouolas
459 1777 500 1838 sit
513 1775 569 1838 ista
576 1785 707 1858 potestus
721 1775 931 1857 capitulorum.

263 1877 265 1883 '
287 1878 312 1933 l.
330 1875 510 1953 Capitulum
529 1875 639 1936 statuit
657 1873 832 1954 generatim
847 1867 880 1932 in
902 1871 1090 1948 minoribus,
1109 1870 1218 1948 idest,

244 1970 375 2032 circaea
389 1991 459 2052 qum
472 1989 531 2034 uec
545 1979 662 2034 statum
677 1973 856 2052 generalem
865 1970 1028 2048 Ecclesiae,
1044 1987 1105 2032 nec
1115 1970 1221 2049 ipsum

245 2068 437 2147 Episcopum
452 2069 636 2150 respiciunt.

286 2168 331 2228 Ex
344 2167 502 2246 principio
518 2169 608 2246 plura
621 2169 800 2230 inferuntur
815 2187 822 2230 :
842 2173 869 2230 t.
886 2167 1063 2247 Episcopus
1077 2165 1222 2246 invigilat

246 2281 286 2325 ne
301 2264 474 2342 capitulum
487 2265 606 2344 aliquid
623 2271 737 2328 statuat
751 2266 799 2328 vel
814 2266 974 2340 nocivum,
992 2266 1040 2326 vel
1052 2264 1119 2343 Juri
1134 2281 1225 2326 coru-

247 2361 335 2432 muni
347 2364 551 2439 contrarium,
564 2365 612 2424 vel
624 2363 786 2444 propriam
798 2369 988 2447 potestatem
1002 2363 1171 2424 excedens.
1184 2395 1226 2408 -

247 2465 277 2522 9.
292 2462 414 2524 Statuta
427 2480 445 2524 a
461 2463 599 2541 capitulo
615 2462 743 2524 condita
757 2463 797 2522 de
812 2461 905 2524 rebus
918 2461 1025 2524 arduis
1038 2479 1104 2522 non
1118 2462 1226 2522 valent

249 2559 352 2622 donec
365 2560 534 2622 accesserit
547 2559 696 2638 Episcopi
710 2577 894 2622 consensus.
910 2593 951 2606 —
963 2563 993 2639 3,
1010 2559 1225 2622 Administra-

248 2657 294 2720 tio
309 2658 459 2722 Ecclesiae
474 2657 662 2720 cathedralis
677 2663 800 2736 spectat
819 2657 913 2720 simul
929 2659 968 2719 ad
983 2657 1179 2736 Episcopum
1194 2661 1227 2718 et

251 2755 438 2836 capitulum.

289 2860 318 2916 a.
343 2853 524 2933 Capitulum
539 2859 643 2936 potest
661 2855 758 2917 etiam
778 2854 916 2934 penalia
937 2858 1055 2917 statuta
1071 2854 1224 2930 condere,

252 2953 349 3016 modo
363 2970 465 3032 prauae
477 2971 542 3015 non
556 2953 710 3015 excedant
725 2953 926 3033 disciplinam
940 2952 1166 3019 domesticam.

293 3049 481 3128 Hujrrsmodi
493 3054 619 3124 statuta,
631 3049 809 3130 praesertim
820 3069 838 3112 a
851 3051 1022 3130 Superiora
1037 3050 1226 3130 approbata,

253 3145 394 3226 obligant
415 3146 553 3226 singulos
576 3147 757 3223 canonicos,
779 3147 874 3208 etiam
895 3163 1094 3210 successores
1116 3162 1230 3210 eorum

255 3244 309 3322 qui
322 3249 436 3306 statuta
446 3243 668 3306 condiderunt.
685 3244 812 3306 Etenim
827 3244 882 3306 illa
901 3244 1043 3324 obligant
1065 3245 1168 3306 donec
1182 3259 1232 3306 re·

254 3348 417 3418 vocentur,
433 3341 458 3402 si
467 3349 613 3404 naturam
623 3341 701 3420 legis
712 3342 864 3416 iuduant;
882 3342 968 3420 atqui
982 3342 1138 3404 rationem
1152 3341 1232 3419 legis

256 3439 402 3514 induunt,
419 3439 484 3501 sive
497 3439 572 3518 quia
586 3439 761 3518 capitulum
774 3440 898 3503 videtur
910 3439 1026 3502 habere
1035 3439 1232 3519 jurisdictio-

288 3608 322 3672 (1)
333 3610 429 3660 Decisio
440 3611 509 3660 Rotae
521 3625 629 3661 ronranae
638 3612 729 3672 (1585).
