2626 4258
468 332 541 384 PARS
563 296 728 386 saumatis·
1031 333 1084 386 Μ

145 446 1084 534 3.Proecedaatia'exoellunlEpiscoposetipsosPatriarchas,

104 551 303 632 principibus
320 570 395 616 vero
410 552 474 614 non
487 553 694 633 regnantibus
709 553 823 616 saltem
837 551 1084 632 aequiparantur.

105 650 199 712 Ratio
217 655 274 726 cst,
300 651 376 730 quia
397 668 471 712 curn
486 653 629 713 Romano
652 651 808 712 Pontifice
824 649 967 712 omnium
985 649 1087 711 ecole-

102 747 221 808 siarum
244 765 354 811 curam
371 755 497 828 gerunt,
520 755 551 811 ct
575 749 716 830 reliquos
731 747 883 810 Ecclesiae
907 747 1022 826 gradus
1033 747 1086 826 ju-

105 845 225 908 dicant.

246 1057 359 1119 Quaauo
374 1061 410 1109 2¹.
424 1085 455 1097 -
470 1060 624 1112 lucrorum
641 1071 753 1112 conarcu
767 1062 945 1111 cinniorum.

148 1225 327 1294 cardinales
342 1231 528 1294 muneribus
543 1232 608 1296 suis
623 1234 796 1314 funguntur
813 1232 862 1294 vel
881 1231 963 1294 Sede
976 1230 1081 1309 plena,

109 1330 158 1392 vel
174 1329 257 1392 Sede
270 1335 410 1392 vacante.

145 1461 381 1533 l.jcardinalium
397 1463 551 1520 auctoritas
565 1463 637 1520 Sede
650 1463 747 1534 plena.

143 1554 171 1608 2.
187 1553 293 1608 Eorum
307 1553 461 1610 auctoritas
475 1553 548 1610 Sede
563 1557 697 1610 vacante.

313 1743 334 1793 l.
348 1769 375 1780 -
388 1740 559 1793 cardinalium
571 1743 706 1827 auctoritas
718 1743 779 1794 Sede
794 1743 880 1805 plena.

147 1895 171 1958 Ι.
192 1895 331 1979 Officium
343 1917 452 1973 aarum,
471 1905 626 1980 quatenns
638 1906 783 1962 senatum
795 1897 957 1986 Pontificis
970 1899 1087 1961 consti·

109 1997 213 2072 tnunt,
231 2001 288 2072 est,
306 1998 397 2059 illum
410 2015 506 2078 opera
521 2004 552 2060 et
571 1999 711 2060 consiliis
726 1999 873 2077 adjuvare
888 1995 941 2077 (l).
959 1999 1001 2059 Ut
1014 2014 1086 2057 rnu-

109 2093 178 2156 neri
192 2095 395 2172 satisfaciant,
412 2115 533 2173 0mnes‚
551 2096 612 2158 nisi
628 2096 742 2159 exteris
757 2094 991 2176 episcopatibus
1003 2113 1085 2174 prm·

112 2192 183 2267 sint,
201 2193 234 2252 in
254 2193 338 2255 Urbe
356 2195 493 2258 residere
506 2201 667 2258 tenentur.

149 2291 285 2352 Romani
297 2294 478 2366 Pontifices
494 2294 644 2374 gravioris
658 2295 812 2357 momenti
824 2295 963 2373 negotia,
978 2295 1088 2358 audito

110 2391 323 2452 cardinalium
337 2391 483 2468 consilio,
502 2392 678 2454 absolvunt.
703 2373 852 2454 Attamen
866 2393 905 2454 dc
923 2393 1089 2456 honestate

109 2490 216 2567 potius
246 2507 341 2568 quam
369 2491 408 2551 de
431 2490 620 2552 necessitate
644 2489 784 2551 consiliis
800 2489 957 2568 ejusmodi
977 2488 1086 2561 utitur,

107 2585 197 2665 juxta
212 2603 416 2648 communem
430 2587 620 2650 sententiam
635 2587 687 2667 (ἓ).
708 2587 789 2649 Hinc
804 2587 943 2666 exsurgit
957 2585 1090 2666 dispari-

109 2691 157 2746 tas
172 2684 256 2746 inter
269 2703 393 2747 sacrum
408 2687 577 2768 collegium
592 2692 623 2747 et
640 2685 777 2764 capitula
799 2684 991 2747 cathedralia
1007 2701 1014 2744 :
1029 2683 1089 2743 ali·

110 2782 239 2861 quando
252 2783 399 2864 Episcopi
419 2789 567 2846 tenentur
581 2790 662 2845 stare
678 2783 832 2863 suffragiis
851 2781 993 2862 capituli,
1008 2799 1089 2842 nun·

110 2897 207 2959 quam
231 2897 304 2942 varo
322 2882 445 2944 Summi
472 2883 639 2944 Pontifices
662 2881 795 2943 consilio
820 2881 1033 2943 cardinalium
1047 2877 1085 2939 li·

109 2984 234 3058 gantur.
256 2980 348 3042 Ratio
373 2986 431 3055 est,
458 2980 707 3062 quiallpiscopi
733 2979 945 3060 subjiciuntur
965 2977 1088 3058 legibus

111 3077 345 3153 ecclesiasticis,
361 3078 696 3158 quibusastringuntur
706 3079 932 3158 adcapitulum
945 3075 1090 3156 quando-

111 3190 173 3252 que
185 3176 432 3251 consulendum;
446 3175 722 3238 Pontificisautem
737 3182 889 3256 potestas,
894 3175 966 3254 jure
981 3173 1090 3234 divino

111 3288 260 3351 suprema
274 3278 306 3335 et
317 3273 548 3353 independens,
565 3290 582 3334 a
590 3273 665 3353 jure
675 3273 815 3335 humano
825 3272 955 3333 limitari
968 3271 1088 3350 nequit.

150 3371 195 3432 De
222 3370 327 3448 rebus,
358 3391 429 3451 quae
455 3372 630 3434 tractandae
652 3376 735 3448 sunt,
764 3370 916 3452 praeriam
943 3369 1092 3432 notitiam

139 3542 172 3604 (ι)
194 3511 334 3593 canentum
351 3546 421 3595 rur.
446 3544 520 3607 (sess.
541 3523 617 3606 lxv,
639 3557 694 3605 cap.
714 3546 732 3605 n
748 3559 778 3590 ι.
800 3542 970 3596 carrinarum
986 3543 1088 3594 consano

114 3637 125 3666 ι
139 3621 206 3683 apud
219 3625 246 3672 u.
261 3623 404 3674 Pontificem
420 3624 569 3676 universalia
580 3624 696 3676 Ecclesia
707 3623 892 3674 administratio
902 3621 1002 3674 nititur.
1019 3639 1030 3666 ι

141 3702 173 3766 (2)
189 3703 417 3768 Schmalzgruabcr‚
434 3705 684 3755 laaeccteaiuaticum
700 3706 855 3768 universum,
864 3704 909 3754 lib.
926 3704 947 3764 l,
958 3703 1000 3753 tit.
1012 3709 1090 3752 'mn
