<?xml version="1.0" encoding="UTF-8"?>
<!DOCTYPE html PUBLIC "-//W3C//DTD XHTML 1.0 Transitional//EN"
    "http://www.w3.org/TR/xhtml1/DTD/xhtml1-transitional.dtd">
<html xmlns="http://www.w3.org/1999/xhtml" xml:lang="en" lang="en">
 <head>
  <title>
</title>
<meta http-equiv="Content-Type" content="text/html;charset=utf-8" />
  <meta name='ocr-system' content='tesseract 3.04.00' />
  <meta name='ocr-capabilities' content='ocr_page ocr_carea ocr_par ocr_line ocrx_word'/>
</head>
<body>
  <div class='ocr_page' id='page_1' title='image "./expositiomethod00hugugoog_0263.png"; bbox 0 0 2630 4250; ppageno 0'>
   <div class='ocr_carea' id='block_1_1' title="bbox 156 125 961 180">
    <p class='ocr_par' dir='ltr' id='par_1_1' title="bbox 156 125 961 180">
     <span class='ocr_line' id='line_1_1' title="bbox 156 125 961 180; baseline -0.01 -2"><span class='ocrx_word' id='word_1_1' title='bbox 156 131 208 180; x_wconf 67' lang='lat'>228</span> <span class='ocrx_word' id='word_1_2' title='bbox 321 129 479 176; x_wconf 78' lang='lat' dir='ltr'>uxroslrlo</span> <span class='ocrx_word' id='word_1_3' title='bbox 500 127 679 174; x_wconf 72' lang='lat' dir='ltr'>uurfloolca</span> <span class='ocrx_word' id='word_1_4' title='bbox 698 125 781 173; x_wconf 77' lang='lat' dir='ltr'>runis</span> <span class='ocrx_word' id='word_1_5' title='bbox 806 125 961 171; x_wconf 72' lang='lat' dir='ltr'>canonice.</span> 
     </span>
    </p>
   </div>
   <div class='ocr_carea' id='block_1_2' title="bbox 86 243 1219 3550">
    <p class='ocr_par' dir='ltr' id='par_1_2' title="bbox 152 243 1146 810">
     <span class='ocr_line' id='line_1_2' title="bbox 192 243 1137 327; baseline -0.008 -15"><span class='ocrx_word' id='word_1_6' title='bbox 192 248 388 312; x_wconf 82' lang='lat' dir='ltr'>Conveniens</span> <span class='ocrx_word' id='word_1_7' title='bbox 403 246 544 327; x_wconf 22' lang='lat' dir='ltr'>quidem*</span> <span class='ocrx_word' id='word_1_8' title='bbox 554 250 613 319; x_wconf 87' lang='lat' dir='ltr'>est,</span> <span class='ocrx_word' id='word_1_9' title='bbox 629 249 664 306; x_wconf 89' lang='lat' dir='ltr'>ut</span> <span class='ocrx_word' id='word_1_10' title='bbox 680 243 833 323; x_wconf 85' lang='lat' dir='ltr'>egremio</span> <span class='ocrx_word' id='word_1_11' title='bbox 859 261 917 304; x_wconf 89' lang='lat' dir='ltr'>suo</span> <span class='ocrx_word' id='word_1_12' title='bbox 942 243 1137 308; x_wconf 84' lang='lat' dir='ltr'>Pontificem</span> 
     </span>
     <span class='ocr_line' id='line_1_3' title="bbox 153 339 1139 423; baseline -0.01 -14"><span class='ocrx_word' id='word_1_13' title='bbox 153 346 329 415; x_wconf 79' lang='lat' dir='ltr'>cardinales</span> <span class='ocrx_word' id='word_1_14' title='bbox 344 343 460 423; x_wconf 80' lang='lat' dir='ltr'>eligant</span> <span class='ocrx_word' id='word_1_15' title='bbox 470 364 478 420; x_wconf 91' lang='lat'>;</span> <span class='ocrx_word' id='word_1_16' title='bbox 490 349 599 406; x_wconf 85' lang='lat' dir='ltr'>tamen</span> <span class='ocrx_word' id='word_1_17' title='bbox 611 342 644 402; x_wconf 94' lang='lat' dir='ltr'>in</span> <span class='ocrx_word' id='word_1_18' title='bbox 659 339 787 422; x_wconf 69' lang='lat' dir='ltr'>eligendo</span> <span class='ocrx_word' id='word_1_19' title='bbox 799 357 865 402; x_wconf 90' lang='lat' dir='ltr'>nou</span> <span class='ocrx_word' id='word_1_20' title='bbox 887 339 1059 419; x_wconf 79' lang='lat' dir='ltr'>requiritur</span> <span class='ocrx_word' id='word_1_21' title='bbox 1077 341 1139 400; x_wconf 91' lang='lat' dir='ltr'>ab·</span> 
     </span>
     <span class='ocr_line' id='line_1_4' title="bbox 152 438 1146 519; baseline -0.007 -14"><span class='ocrx_word' id='word_1_22' title='bbox 152 444 254 507; x_wconf 91' lang='lat' dir='ltr'>solute</span> <span class='ocrx_word' id='word_1_23' title='bbox 267 441 490 517; x_wconf 69' lang='lat' dir='ltr'>cardinalatus</span> <span class='ocrx_word' id='word_1_24' title='bbox 504 457 611 519; x_wconf 87' lang='lat' dir='ltr'>neque</span> <span class='ocrx_word' id='word_1_25' title='bbox 621 445 729 501; x_wconf 86' lang='lat' dir='ltr'>¹certus</span> <span class='ocrx_word' id='word_1_26' title='bbox 749 440 848 513; x_wconf 66' lang='lat' dir='ltr'>ordo,‘</span> <span class='ocrx_word' id='word_1_27' title='bbox 863 453 966 516; x_wconf 88' lang='lat' dir='ltr'>neque</span> <span class='ocrx_word' id='word_1_28' title='bbox 986 438 1146 501; x_wconf 82' lang='lat' dir='ltr'>determi-</span> 
     </span>
     <span class='ocr_line' id='line_1_5' title="bbox 152 534 1142 649; baseline -0.002 -49"><span class='ocrx_word' id='word_1_29' title='bbox 152 545 225 602; x_wconf 88' lang='lat' dir='ltr'>nata</span> <span class='ocrx_word' id='word_1_30' title='bbox 247 544 289 600; x_wconf 87' lang='lat' dir='ltr'>aet</span> <span class='ocrx_word' id='word_1_31' title='bbox 290 557 342 612; x_wconf 90' lang='lat' dir='ltr'>as;</span> <span class='ocrx_word' id='word_1_32' title='bbox 365 539 501 649; x_wconf 80' lang='lat' dir='ltr'>proinde</span> <span class='ocrx_word' id='word_1_33' title='bbox 525 537 626 601; x_wconf 88' lang='lat' dir='ltr'>laieus</span> <span class='ocrx_word' id='word_1_34' title='bbox 651 537 725 617; x_wconf 84' lang='lat' dir='ltr'>eligi</span> <span class='ocrx_word' id='word_1_35' title='bbox 744 541 874 616; x_wconf 88' lang='lat' dir='ltr'>potest.</span> <span class='ocrx_word' id='word_1_36' title='bbox 886 536 996 598; x_wconf 89' lang='lat' dir='ltr'>Solum</span> <span class='ocrx_word' id='word_1_37' title='bbox 1011 534 1142 598; x_wconf 75' lang='lat' dir='ltr'>obstant</span> 
     </span>
     <span class='ocr_line' id='line_1_6' title="bbox 154 633 1139 716; baseline -0.002 -20"><span class='ocrx_word' id='word_1_38' title='bbox 154 638 365 716; x_wconf 87' lang='lat' dir='ltr'>impedimcnt</span> <span class='ocrx_word' id='word_1_39' title='bbox 367 637 477 714; x_wconf 88' lang='lat' dir='ltr'>ajuris</span> <span class='ocrx_word' id='word_1_40' title='bbox 501 635 610 710; x_wconf 88' lang='lat' dir='ltr'>divini,</span> <span class='ocrx_word' id='word_1_41' title='bbox 638 654 666 702; x_wconf 93' lang='lat' dir='ltr'>v</span> <span class='ocrx_word' id='word_1_42' title='bbox 691 654 723 714; x_wconf 88' lang='lat' dir='ltr'>g</span> <span class='ocrx_word' id='word_1_43' title='bbox 738 634 841 714; x_wconf 86' lang='lat' dir='ltr'>gravis</span> <span class='ocrx_word' id='word_1_44' title='bbox 868 637 972 696; x_wconf 85' lang='lat' dir='ltr'>metus</span> <span class='ocrx_word' id='word_1_45' title='bbox 989 633 1139 712; x_wconf 86' lang='lat' dir='ltr'>injustus,</span> 
     </span>
     <span class='ocr_line' id='line_1_7' title="bbox 154 733 791 810; baseline -0.002 -15"><span class='ocrx_word' id='word_1_46' title='bbox 154 735 297 810; x_wconf 84' lang='lat' dir='ltr'>infantia,</span> <span class='ocrx_word' id='word_1_47' title='bbox 322 741 429 796; x_wconf 87' lang='lat' dir='ltr'>ament</span> <span class='ocrx_word' id='word_1_48' title='bbox 430 735 471 810; x_wconf 86' lang='lat' dir='ltr'>ia,</span> <span class='ocrx_word' id='word_1_49' title='bbox 416 734 627 808; x_wconf 71' lang='lat' dir='ltr'>thaeresis</span> <span class='ocrx_word' id='word_1_50' title='bbox 643 733 791 796; x_wconf 89' lang='lat' dir='ltr'>simonia</span> 
     </span>
    </p>

    <p class='ocr_par' dir='ltr' id='par_1_3' title="bbox 155 830 1147 1302">
     <span class='ocr_line' id='line_1_8' title="bbox 196 830 1145 916; baseline -0.002 -22"><span class='ocrx_word' id='word_1_51' title='bbox 196 832 364 900; x_wconf 83' lang='lat' dir='ltr'>Guberniis</span> <span class='ocrx_word' id='word_1_52' title='bbox 377 833 495 907; x_wconf 83' lang='lat' dir='ltr'>Galliae,</span> <span class='ocrx_word' id='word_1_53' title='bbox 511 831 648 897; x_wconf 81' lang='lat' dir='ltr'>Austnae</span> <span class='ocrx_word' id='word_1_54' title='bbox 662 849 679 894; x_wconf 91' lang='grc' dir='ltr'>ε</span> <span class='ocrx_word' id='word_1_55' title='bbox 682 831 866 910; x_wconf 87' lang='lat' dir='ltr'>tHispaniee</span> <span class='ocrx_word' id='word_1_56' title='bbox 880 830 1087 908; x_wconf 86' lang='lat' dir='ltr'>permittitur,</span> <span class='ocrx_word' id='word_1_57' title='bbox 1108 835 1145 916; x_wconf 87' lang='lat' dir='ltr'>ut</span> 
     </span>
     <span class='ocr_line' id='line_1_9' title="bbox 155 928 1147 1012; baseline -0.004 -20"><span class='ocrx_word' id='word_1_58' title='bbox 155 947 212 1008; x_wconf 90' lang='lat' dir='ltr'>per</span> <span class='ocrx_word' id='word_1_59' title='bbox 227 930 422 992; x_wconf 79' lang='lat' dir='ltr'>cardinalem</span> <span class='ocrx_word' id='word_1_60' title='bbox 434 929 473 990; x_wconf 89' lang='lat' dir='ltr'>ad</span> <span class='ocrx_word' id='word_1_61' title='bbox 486 929 551 1012; x_wconf 84' lang='lat' dir='ltr'>hoe</span> <span class='ocrx_word' id='word_1_62' title='bbox 563 930 752 1008; x_wconf 88' lang='lat' dir='ltr'>deputatum</span> <span class='ocrx_word' id='word_1_63' title='bbox 776 928 875 993; x_wconf 87' lang='lat' dir='ltr'>semel</span> <span class='ocrx_word' id='word_1_64' title='bbox 896 942 1066 1006; x_wconf 88' lang='lat' dir='ltr'>personam</span> <span class='ocrx_word' id='word_1_65' title='bbox 1076 929 1147 990; x_wconf 77' lang='lat' dir='ltr'>&#39;mi-</span> 
     </span>
     <span class='ocr_line' id='line_1_10' title="bbox 155 1015 1147 1106; baseline -0.002 -20"><span class='ocrx_word' id='word_1_66' title='bbox 155 1045 213 1088; x_wconf 89' lang='lat' dir='ltr'>nus</span> <span class='ocrx_word' id='word_1_67' title='bbox 234 1033 355 1106; x_wconf 86' lang='lat' dir='ltr'>gratam</span> <span class='ocrx_word' id='word_1_68' title='bbox 373 1025 649 1091; x_wconf 72' lang='lat' dir='ltr'>excludantflaue</span> <span class='ocrx_word' id='word_1_69' title='bbox 673 1015 960 1102; x_wconf 84' lang='lat' dir='ltr'>denuntiationem,</span> <span class='ocrx_word' id='word_1_70' title='bbox 975 1043 1046 1104; x_wconf 82' lang='lat' dir='ltr'>quea</span> <span class='ocrx_word' id='word_1_71' title='bbox 1063 1025 1147 1086; x_wconf 90' lang='lat' dir='ltr'>dioi-</span> 
     </span>
     <span class='ocr_line' id='line_1_11' title="bbox 156 1107 1147 1202; baseline -0.002 -16"><span class='ocrx_word' id='word_1_72' title='bbox 156 1129 208 1196; x_wconf 86' lang='lat' dir='ltr'>tur</span> <span class='ocrx_word' id='word_1_73' title='bbox 221 1125 382 1201; x_wconf 77' lang='lat' dir='ltr'>ecelesiae,</span> <span class='ocrx_word' id='word_1_74' title='bbox 400 1107 576 1186; x_wconf 80' lang='lat' dir='ltr'>cardinales</span> <span class='ocrx_word' id='word_1_75' title='bbox 589 1124 772 1202; x_wconf 87' lang='lat' dir='ltr'>admittunt,</span> <span class='ocrx_word' id='word_1_76' title='bbox 786 1141 827 1186; x_wconf 89' lang='lat' dir='ltr'>ne</span> <span class='ocrx_word' id='word_1_77' title='bbox 845 1125 988 1186; x_wconf 86' lang='lat' dir='ltr'>oriantur</span> <span class='ocrx_word' id='word_1_78' title='bbox 1012 1123 1147 1185; x_wconf 86' lang='lat' dir='ltr'>dissidia</span> 
     </span>
     <span class='ocr_line' id='line_1_12' title="bbox 157 1222 1044 1302; baseline -0.002 -18"><span class='ocrx_word' id='word_1_79' title='bbox 157 1222 240 1284; x_wconf 92' lang='lat' dir='ltr'>inter</span> <span class='ocrx_word' id='word_1_80' title='bbox 254 1222 370 1286; x_wconf 88' lang='lat' dir='ltr'>Sedem</span> <span class='ocrx_word' id='word_1_81' title='bbox 385 1222 606 1302; x_wconf 82' lang='lat' dir='ltr'>Apostolieam</span> <span class='ocrx_word' id='word_1_82' title='bbox 619 1226 651 1284; x_wconf 89' lang='lat' dir='ltr'>et</span> <span class='ocrx_word' id='word_1_83' title='bbox 666 1222 818 1290; x_wconf 67' lang='lat' dir='ltr'>,natones</span> <span class='ocrx_word' id='word_1_84' title='bbox 835 1222 1016 1284; x_wconf 87' lang='lat' dir='ltr'>catholicas.</span> <span class='ocrx_word' id='word_1_85' title='bbox 1038 1249 1044 1266; x_wconf 92' lang='lat'><strong>·</strong></span> 
     </span>
    </p>

    <p class='ocr_par' dir='ltr' id='par_1_4' title="bbox 86 1318 1219 1982">
     <span class='ocr_line' id='line_1_13' title="bbox 197 1318 1147 1400; baseline 0 -20"><span class='ocrx_word' id='word_1_86' title='bbox 197 1321 237 1380; x_wconf 77' lang='grc' dir='ltr'>ΙΙ,</span> <span class='ocrx_word' id='word_1_87' title='bbox 261 1318 711 1399; x_wconf 77' lang='grc' dir='ltr'>Ριιιραιαιιο.-Ρειιιοιειιι</span> <span class='ocrx_word' id='word_1_88' title='bbox 733 1321 801 1382; x_wconf 86' lang='lat' dir='ltr'>dies</span> <span class='ocrx_word' id='word_1_89' title='bbox 822 1319 1014 1399; x_wconf 85' lang='lat' dir='ltr'>regulariter.</span> <span class='ocrx_word' id='word_1_90' title='bbox 1031 1335 1147 1400; x_wconf 87' lang='lat' dir='ltr'>expec-</span> 
     </span>
     <span class='ocr_line' id='line_1_14' title="bbox 160 1417 1143 1494; baseline 0 -16"><span class='ocrx_word' id='word_1_91' title='bbox 160 1421 266 1479; x_wconf 87' lang='lat' dir='ltr'>tantur</span> <span class='ocrx_word' id='word_1_92' title='bbox 278 1417 393 1480; x_wconf 91' lang='lat' dir='ltr'>moniti</span> <span class='ocrx_word' id='word_1_93' title='bbox 406 1418 582 1480; x_wconf 84' lang='lat' dir='ltr'>cardinales</span> <span class='ocrx_word' id='word_1_94' title='bbox 594 1417 751 1494; x_wconf 89' lang='lat' dir='ltr'>absentes,</span> <span class='ocrx_word' id='word_1_95' title='bbox 764 1419 874 1481; x_wconf 85' lang='lat' dir='ltr'>lunera</span> <span class='ocrx_word' id='word_1_96' title='bbox 895 1417 1014 1480; x_wconf 88' lang='lat' dir='ltr'>mortui</span> <span class='ocrx_word' id='word_1_97' title='bbox 1031 1417 1143 1478; x_wconf 87' lang='lat' dir='ltr'>Ponti-</span> 
     </span>
     <span class='ocr_line' id='line_1_15' title="bbox 86 1515 1147 1596; baseline 0.002 -22"><span class='ocrx_word' id='word_1_98' title='bbox 86 1587 88 1590; x_wconf 21' lang='lat'>·</span> <span class='ocrx_word' id='word_1_99' title='bbox 159 1515 228 1578; x_wconf 85' lang='lat' dir='ltr'>ficis</span> <span class='ocrx_word' id='word_1_100' title='bbox 251 1517 487 1595; x_wconf 89' lang='lat' dir='ltr'>persolvuntur,</span> <span class='ocrx_word' id='word_1_101' title='bbox 513 1516 597 1578; x_wconf 90' lang='lat' dir='ltr'>etin</span> <span class='ocrx_word' id='word_1_102' title='bbox 621 1517 738 1596; x_wconf 83' lang='lat' dir='ltr'>palatio</span> <span class='ocrx_word' id='word_1_103' title='bbox 768 1516 944 1596; x_wconf 87' lang='lat' dir='ltr'>apostolico</span> <span class='ocrx_word' id='word_1_104' title='bbox 968 1517 1147 1577; x_wconf 84' lang='lat' dir='ltr'>adornatur</span> 
     </span>
     <span class='ocr_line' id='line_1_16' title="bbox 159 1611 1147 1692; baseline 0.002 -20"><span class='ocrx_word' id='word_1_105' title='bbox 159 1611 300 1688; x_wconf 81' lang='lat' dir='ltr'>conclave,</span> <span class='ocrx_word' id='word_1_106' title='bbox 325 1613 415 1674; x_wconf 90' lang='lat' dir='ltr'>nullo</span> <span class='ocrx_word' id='word_1_107' title='bbox 436 1613 629 1676; x_wconf 88' lang='lat' dir='ltr'>intermedio</span> <span class='ocrx_word' id='word_1_108' title='bbox 650 1614 772 1692; x_wconf 90' lang='lat' dir='ltr'>pariete</span> <span class='ocrx_word' id='word_1_109' title='bbox 792 1613 988 1688; x_wconf 89' lang='lat' dir='ltr'>distinctum,</span> <span class='ocrx_word' id='word_1_110' title='bbox 1004 1612 1147 1691; x_wconf 89' lang='lat' dir='ltr'>undique</span> 
     </span>
     <span class='ocr_line' id='line_1_17' title="bbox 160 1711 1219 1791; baseline 0.002 -19"><span class='ocrx_word' id='word_1_111' title='bbox 160 1712 314 1786; x_wconf 85' lang='lat' dir='ltr'>clausum,</span> <span class='ocrx_word' id='word_1_112' title='bbox 330 1711 639 1790; x_wconf 85' lang='lat' dir='ltr'>apertasenestraad</span> <span class='ocrx_word' id='word_1_113' title='bbox 656 1712 881 1791; x_wconf 87' lang='lat' dir='ltr'>accipiendum</span> <span class='ocrx_word' id='word_1_114' title='bbox 893 1711 1002 1774; x_wconf 90' lang='lat' dir='ltr'>cibum</span> <span class='ocrx_word' id='word_1_115' title='bbox 1022 1712 1054 1772; x_wconf 90' lang='lat' dir='ltr'>in</span> <span class='ocrx_word' id='word_1_116' title='bbox 1074 1711 1148 1774; x_wconf 89' lang='lat' dir='ltr'>dies</span> <span class='ocrx_word' id='word_1_117' title='bbox 1217 1749 1219 1752; x_wconf 95' lang='lat'>-</span> 
     </span>
     <span class='ocr_line' id='line_1_18' title="bbox 104 1808 1151 1886; baseline -0.002 -18"><span class='ocrx_word' id='word_1_118' title='bbox 104 1815 108 1818; x_wconf 86' lang='grc'><strong>’</strong></span> <span class='ocrx_word' id='word_1_119' title='bbox 160 1808 351 1886; x_wconf 85' lang='lat' dir='ltr'>parciorem</span> <span class='ocrx_word' id='word_1_120' title='bbox 373 1809 502 1872; x_wconf 86' lang='lat' dir='ltr'>Decima</span> <span class='ocrx_word' id='word_1_121' title='bbox 523 1809 585 1884; x_wconf 90' lang='lat' dir='ltr'>die,</span> <span class='ocrx_word' id='word_1_122' title='bbox 615 1810 789 1871; x_wconf 87' lang='lat' dir='ltr'>cardinales</span> <span class='ocrx_word' id='word_1_123' title='bbox 811 1811 850 1872; x_wconf 88' lang='lat' dir='ltr'>ad</span> <span class='ocrx_word' id='word_1_124' title='bbox 872 1811 1050 1872; x_wconf 87' lang='lat' dir='ltr'>clausuram</span> <span class='ocrx_word' id='word_1_125' title='bbox 1070 1825 1151 1870; x_wconf 89' lang='lat' dir='ltr'>con·</span> 
     </span>
     <span class='ocr_line' id='line_1_19' title="bbox 161 1904 684 1982; baseline 0.004 -17"><span class='ocrx_word' id='word_1_126' title='bbox 161 1905 256 1966; x_wconf 89' lang='lat' dir='ltr'>clavis</span> <span class='ocrx_word' id='word_1_127' title='bbox 269 1904 459 1965; x_wconf 89' lang='lat' dir='ltr'>solemni&#39;t</span> <span class='ocrx_word' id='word_1_128' title='bbox 417 1909 459 1964; x_wconf 91' lang='grc' dir='ltr'>ιιι</span> <span class='ocrx_word' id='word_1_129' title='bbox 462 1923 481 1964; x_wconf 94' lang='grc' dir='ltr'>ιι</span> <span class='ocrx_word' id='word_1_130' title='bbox 495 1906 684 1982; x_wconf 84' lang='lat' dir='ltr'>procedunt.</span> 
     </span>
    </p>

    <p class='ocr_par' dir='ltr' id='par_1_5' title="bbox 162 1969 1152 2370">
     <span class='ocr_line' id='line_1_20' title="bbox 201 1969 1149 2084; baseline 0.001 -22"><span class='ocrx_word' id='word_1_131' title='bbox 201 2003 253 2063; x_wconf 92' lang='grc' dir='ltr'><strong>ΙΙΙ.</strong></span> <span class='ocrx_word' id='word_1_132' title='bbox 277 1999 381 2060; x_wconf 81' lang='lat' dir='ltr'>Modus</span> <span class='ocrx_word' id='word_1_133' title='bbox 397 1999 586 2084; x_wconf 76' lang='lat' dir='ltr'>adhibendas.</span> <span class='ocrx_word' id='word_1_134' title='bbox 599 2005 768 2067; x_wconf 81' lang='lat' dir='ltr'>-Tribus</span> <span class='ocrx_word' id='word_1_135' title='bbox 792 2005 897 2066; x_wconf 87' lang='lat' dir='ltr'>modis</span> <span class='ocrx_word' id='word_1_136' title='bbox 911 1969 1025 2066; x_wconf 89' lang='lat' dir='ltr'>electio</span> <span class='ocrx_word' id='word_1_137' title='bbox 1048 2005 1149 2083; x_wconf 80' lang='lat' dir='ltr'>perfr-</span> 
     </span>
     <span class='ocr_line' id='line_1_21' title="bbox 162 2077 1152 2178; baseline 0.001 -19"><span class='ocrx_word' id='word_1_138' title='bbox 162 2097 256 2173; x_wconf 84' lang='lat' dir='ltr'>oitur,</span> <span class='ocrx_word' id='word_1_139' title='bbox 264 2097 353 2176; x_wconf 83' lang='lat' dir='ltr'>Juxta</span> <span class='ocrx_word' id='word_1_140' title='bbox 361 2097 485 2176; x_wconf 85' lang='lat' dir='ltr'>regulas</span> <span class='ocrx_word' id='word_1_141' title='bbox 494 2077 656 2176; x_wconf 86' lang='lat' dir='ltr'>generales</span> <span class='ocrx_word' id='word_1_142' title='bbox 667 2101 706 2162; x_wconf 90' lang='lat' dir='ltr'>de</span> <span class='ocrx_word' id='word_1_143' title='bbox 719 2101 801 2164; x_wconf 90' lang='lat' dir='ltr'>elect</span> <span class='ocrx_word' id='word_1_144' title='bbox 802 2102 929 2164; x_wconf 92' lang='lat' dir='ltr'>ionibus</span> <span class='ocrx_word' id='word_1_145' title='bbox 939 2101 1152 2178; x_wconf 74' lang='lat' dir='ltr'>solemnibuS,</span> 
     </span>
     <span class='ocr_line' id='line_1_22' title="bbox 162 2193 1152 2286; baseline 0.003 -32"><span class='ocrx_word' id='word_1_146' title='bbox 162 2193 311 2256; x_wconf 91' lang='lat' dir='ltr'>videlicet</span> <span class='ocrx_word' id='word_1_147' title='bbox 329 2195 377 2256; x_wconf 91' lang='lat' dir='ltr'>vel</span> <span class='ocrx_word' id='word_1_148' title='bbox 399 2212 456 2274; x_wconf 88' lang='lat' dir='ltr'>per</span> <span class='ocrx_word' id='word_1_149' title='bbox 484 2195 715 2288; x_wconf 80' lang='lat' dir='ltr'>inspirationem,</span> <span class='ocrx_word' id='word_1_150' title='bbox 743 2201 790 2262; x_wconf 90' lang='lat' dir='ltr'>vel</span> <span class='ocrx_word' id='word_1_151' title='bbox 814 2217 873 2280; x_wconf 89' lang='lat' dir='ltr'>per</span> <span class='ocrx_word' id='word_1_152' title='bbox 897 2199 1152 2282; x_wconf 80' lang='lat' dir='ltr'>compromv&#39;esom,</span> 
     </span>
     <span class='ocr_line' id='line_1_23' title="bbox 162 2291 1108 2370; baseline 0.004 -16"><span class='ocrx_word' id='word_1_153' title='bbox 162 2294 211 2354; x_wconf 89' lang='lat' dir='ltr'>vel</span> <span class='ocrx_word' id='word_1_154' title='bbox 225 2291 478 2370; x_wconf 78' lang='lat' dir='ltr'>perscrutinium.</span> <span class='ocrx_word' id='word_1_155' title='bbox 1105 2350 1108 2358; x_wconf 95' lang='lat'><em>.</em></span> 
     </span>
    </p>

    <p class='ocr_par' dir='ltr' id='par_1_6' title="bbox 162 2391 1152 2672">
     <span class='ocr_line' id='line_1_24' title="bbox 201 2391 1152 2475; baseline 0.003 -24"><span class='ocrx_word' id='word_1_156' title='bbox 201 2391 324 2468; x_wconf 84' lang='lat' dir='ltr'>Electio</span> <span class='ocrx_word' id='word_1_157' title='bbox 343 2393 378 2452; x_wconf 86' lang='lat' dir='ltr'>fit</span> <span class='ocrx_word' id='word_1_158' title='bbox 402 2409 460 2471; x_wconf 88' lang='grc' dir='ltr'>ρει</span> <span class='ocrx_word' id='word_1_159' title='bbox 484 2392 713 2475; x_wconf 72' lang='lat' dir='ltr'>inspirationem,</span> <span class='ocrx_word' id='word_1_160' title='bbox 748 2414 822 2458; x_wconf 93' lang='lat' dir='ltr'>cum</span> <span class='ocrx_word' id='word_1_161' title='bbox 844 2399 999 2458; x_wconf 86' lang='lat' dir='ltr'>electores</span> <span class='ocrx_word' id='word_1_162' title='bbox 1022 2411 1152 2468; x_wconf 79' lang='lat' dir='ltr'>omues,</span> 
     </span>
     <span class='ocr_line' id='line_1_25' title="bbox 163 2487 1150 2570; baseline 0.007 -23"><span class='ocrx_word' id='word_1_163' title='bbox 163 2487 252 2568; x_wconf 88' lang='lat' dir='ltr'>quasi</span> <span class='ocrx_word' id='word_1_164' title='bbox 278 2489 386 2550; x_wconf 90' lang='lat' dir='ltr'>divino</span> <span class='ocrx_word' id='word_1_165' title='bbox 415 2489 529 2570; x_wconf 88' lang='lat' dir='ltr'>spiritu</span> <span class='ocrx_word' id='word_1_166' title='bbox 548 2493 656 2568; x_wconf 84' lang='lat' dir='ltr'>afflati,</span> <span class='ocrx_word' id='word_1_167' title='bbox 677 2495 709 2554; x_wconf 93' lang='lat' dir='ltr'>in</span> <span class='ocrx_word' id='word_1_168' title='bbox 734 2512 808 2556; x_wconf 90' lang='lat' dir='ltr'>eum</span> <span class='ocrx_word' id='word_1_169' title='bbox 830 2513 893 2557; x_wconf 93' lang='lat' dir='ltr'>uno</span> <span class='ocrx_word' id='word_1_170' title='bbox 918 2495 1014 2570; x_wconf 87' lang='lat' dir='ltr'>eorde</span> <span class='ocrx_word' id='word_1_171' title='bbox 1037 2498 1070 2555; x_wconf 92' lang='lat' dir='ltr'>et</span> <span class='ocrx_word' id='word_1_172' title='bbox 1091 2509 1150 2554; x_wconf 90' lang='lat' dir='ltr'>ore</span> 
     </span>
     <span class='ocr_line' id='line_1_26' title="bbox 162 2585 923 2672; baseline 0.012 -25"><span class='ocrx_word' id='word_1_173' title='bbox 162 2585 377 2658; x_wconf 85' lang='lat' dir='ltr'>consentiunt,</span> <span class='ocrx_word' id='word_1_174' title='bbox 397 2587 436 2648; x_wconf 92' lang='lat' dir='ltr'>de</span> <span class='ocrx_word' id='word_1_175' title='bbox 450 2607 513 2666; x_wconf 86' lang='lat' dir='ltr'>quo</span> <span class='ocrx_word' id='word_1_176' title='bbox 526 2595 617 2652; x_wconf 87' lang='lat' dir='ltr'>antea</span> <span class='ocrx_word' id='word_1_177' title='bbox 630 2591 681 2652; x_wconf 85' lang='lat' dir='ltr'>vix</span> <span class='ocrx_word' id='word_1_178' title='bbox 696 2592 923 2672; x_wconf 85' lang='lat' dir='ltr'>cogitaverant.</span> 
     </span>
    </p>

    <p class='ocr_par' dir='ltr' id='par_1_7' title="bbox 164 2675 1153 3038">
     <span class='ocr_line' id='line_1_27' title="bbox 205 2675 1153 2770; baseline 0.008 -28"><span class='ocrx_word' id='word_1_179' title='bbox 205 2682 390 2762; x_wconf 78' lang='lat' dir='ltr'>Absolvitur,</span> <span class='ocrx_word' id='word_1_180' title='bbox 407 2702 465 2764; x_wconf 90' lang='lat' dir='ltr'>per</span> <span class='ocrx_word' id='word_1_181' title='bbox 492 2675 737 2770; x_wconf 66' lang='lat' dir='ltr'>compromissum</span> <span class='ocrx_word' id='word_1_182' title='bbox 767 2691 894 2770; x_wconf 89' lang='lat' dir='ltr'>quando</span> <span class='ocrx_word' id='word_1_183' title='bbox 927 2691 1153 2770; x_wconf 79' lang='lat' dir='ltr'>perseverante</span> 
     </span>
     <span class='ocr_line' id='line_1_28' title="bbox 168 2780 1152 2866; baseline 0.005 -24"><span class='ocrx_word' id='word_1_184' title='bbox 168 2780 388 2859; x_wconf 81' lang='lat' dir='ltr'>suffragiorum</span> <span class='ocrx_word' id='word_1_185' title='bbox 410 2783 575 2862; x_wconf 87' lang='lat' dir='ltr'>divisione,</span> <span class='ocrx_word' id='word_1_186' title='bbox 590 2787 777 2866; x_wconf 63' lang='lat' dir='ltr'>cardinales</span> <span class='ocrx_word' id='word_1_187' title='bbox 791 2789 919 2850; x_wconf 88' lang='lat' dir='ltr'>nemine</span> <span class='ocrx_word' id='word_1_188' title='bbox 930 2787 1152 2860; x_wconf 78' lang='lat' dir='ltr'>dissentiente,</span> 
     </span>
     <span class='ocr_line' id='line_1_29' title="bbox 164 2881 1155 2978; baseline 0.004 -38"><span class='ocrx_word' id='word_1_189' title='bbox 164 2882 303 2956; x_wconf 88' lang='lat' dir='ltr'>potestat</span> <span class='ocrx_word' id='word_1_190' title='bbox 304 2895 356 2940; x_wconf 94' lang='lat' dir='ltr'>em</span> <span class='ocrx_word' id='word_1_191' title='bbox 376 2881 555 2960; x_wconf 89' lang='lat' dir='ltr'>eligendi</span> <span class='ocrx_word' id='word_1_192' title='bbox 528 2901 597 2946; x_wconf 76' lang='lat' dir='ltr'>viee</span> <span class='ocrx_word' id='word_1_193' title='bbox 610 2885 755 2978; x_wconf 89' lang='lat' dir='ltr'>omnium</span> <span class='ocrx_word' id='word_1_194' title='bbox 769 2887 824 2948; x_wconf 88' lang='lat' dir='ltr'>nui</span> <span class='ocrx_word' id='word_1_195' title='bbox 840 2888 888 2948; x_wconf 94' lang='lat' dir='ltr'>vel</span> <span class='ocrx_word' id='word_1_196' title='bbox 903 2883 1045 2967; x_wconf 88' lang='lat' dir='ltr'>pluribus</span> <span class='ocrx_word' id='word_1_197' title='bbox 1058 2899 1155 2946; x_wconf 91' lang='lat' dir='ltr'>com</span> 
     </span>
     <span class='ocr_line' id='line_1_30' title="bbox 164 2977 311 3038; baseline -0.015 0"><span class='ocrx_word' id='word_1_198' title='bbox 164 2977 311 3038; x_wconf 88' lang='lat' dir='ltr'>mittunt.</span> 
     </span>
    </p>

    <p class='ocr_par' dir='ltr' id='par_1_8' title="bbox 165 3075 1156 3550">
     <span class='ocr_line' id='line_1_31' title="bbox 205 3075 1155 3159; baseline 0.004 -25"><span class='ocrx_word' id='word_1_199' title='bbox 205 3075 294 3135; x_wconf 91' lang='lat' dir='ltr'>Solet</span> <span class='ocrx_word' id='word_1_200' title='bbox 280 3077 362 3134; x_wconf 93' lang='grc' dir='ltr'>ιιιιι</span> <span class='ocrx_word' id='word_1_201' title='bbox 364 3090 415 3135; x_wconf 91' lang='lat' dir='ltr'>em</span> <span class='ocrx_word' id='word_1_202' title='bbox 435 3075 526 3138; x_wconf 88' lang='lat' dir='ltr'>elect</span> <span class='ocrx_word' id='word_1_203' title='bbox 504 3081 549 3138; x_wconf 91' lang='lat' dir='ltr'>tm</span> <span class='ocrx_word' id='word_1_204' title='bbox 572 3079 641 3140; x_wconf 88' lang='lat' dir='ltr'>fieri</span> <span class='ocrx_word' id='word_1_205' title='bbox 668 3097 726 3159; x_wconf 87' lang='lat' dir='ltr'>per</span> <span class='ocrx_word' id='word_1_206' title='bbox 749 3086 903 3143; x_wconf 88' lang='lat' dir='ltr'>secretam</span> <span class='ocrx_word' id='word_1_207' title='bbox 929 3077 1155 3157; x_wconf 82' lang='lat' dir='ltr'>suffragiorum</span> 
     </span>
     <span class='ocr_line' id='line_1_32' title="bbox 165 3167 1153 3257; baseline 0.001 -24"><span class='ocrx_word' id='word_1_208' title='bbox 165 3171 383 3245; x_wconf 82' lang='lat' dir='ltr'>collationem,</span> <span class='ocrx_word' id='word_1_209' title='bbox 395 3187 451 3232; x_wconf 89' lang='lat' dir='ltr'>seu</span> <span class='ocrx_word' id='word_1_210' title='bbox 466 3167 667 3253; x_wconf 89' lang='lat' dir='ltr'>scrutinium,</span> <span class='ocrx_word' id='word_1_211' title='bbox 682 3178 791 3257; x_wconf 90' lang='lat' dir='ltr'>inquo</span> <span class='ocrx_word' id='word_1_212' title='bbox 812 3179 908 3239; x_wconf 91' lang='lat' dir='ltr'>etiam</span> <span class='ocrx_word' id='word_1_213' title='bbox 923 3195 1050 3238; x_wconf 82' lang='lat' dir='ltr'>accerses</span> <span class='ocrx_word' id='word_1_214' title='bbox 1060 3174 1153 3235; x_wconf 91' lang='lat' dir='ltr'>adbi-</span> 
     </span>
     <span class='ocr_line' id='line_1_33' title="bbox 167 3267 1152 3352; baseline 0.002 -22"><span class='ocrx_word' id='word_1_215' title='bbox 167 3267 269 3330; x_wconf 88' lang='lat' dir='ltr'>betur.</span> <span class='ocrx_word' id='word_1_216' title='bbox 284 3267 448 3330; x_wconf 51' lang='lat' dir='ltr'>¹Nimirum</span> <span class='ocrx_word' id='word_1_217' title='bbox 463 3271 501 3348; x_wconf 83' lang='lat' dir='ltr'>si,</span> <span class='ocrx_word' id='word_1_218' title='bbox 523 3272 687 3352; x_wconf 89' lang='lat' dir='ltr'>publicato</span> <span class='ocrx_word' id='word_1_219' title='bbox 707 3275 872 3352; x_wconf 83' lang='lat' dir='ltr'>scrutinia,</span> <span class='ocrx_word' id='word_1_220' title='bbox 901 3275 971 3336; x_wconf 69' lang='lat' dir='ltr'>duaa</span> <span class='ocrx_word' id='word_1_221' title='bbox 990 3293 1027 3336; x_wconf 91' lang='lat' dir='ltr'>ex</span> <span class='ocrx_word' id='word_1_222' title='bbox 1047 3271 1152 3336; x_wconf 89' lang='lat' dir='ltr'>tribus</span> 
     </span>
     <span class='ocr_line' id='line_1_34' title="bbox 166 3363 1153 3451; baseline 0.002 -23"><span class='ocrx_word' id='word_1_223' title='bbox 166 3363 354 3444; x_wconf 84' lang='lat' dir='ltr'>eligentium</span> <span class='ocrx_word' id='word_1_224' title='bbox 367 3372 472 3444; x_wconf 90' lang='lat' dir='ltr'>partes</span> <span class='ocrx_word' id='word_1_225' title='bbox 487 3369 530 3430; x_wconf 86' lang='lat' dir='ltr'>&#39;in</span> <span class='ocrx_word' id='word_1_226' title='bbox 551 3371 716 3434; x_wconf 90' lang='lat' dir='ltr'>nemiuem</span> <span class='ocrx_word' id='word_1_227' title='bbox 739 3373 937 3448; x_wconf 87' lang='lat' dir='ltr'>conveniant,</span> <span class='ocrx_word' id='word_1_228' title='bbox 965 3370 1153 3451; x_wconf 86' lang='lat' dir='ltr'>proceditur</span> 
     </span>
     <span class='ocr_line' id='line_1_35' title="bbox 165 3465 1156 3550; baseline 0.006 -26"><span class='ocrx_word' id='word_1_229' title='bbox 165 3465 204 3524; x_wconf 87' lang='lat' dir='ltr'>ad</span> <span class='ocrx_word' id='word_1_230' title='bbox 219 3477 383 3524; x_wconf 87' lang='lat' dir='ltr'>accessum</span> <span class='ocrx_word' id='word_1_231' title='bbox 396 3481 460 3542; x_wconf 92' lang='lat' dir='ltr'>quo</span> <span class='ocrx_word' id='word_1_232' title='bbox 474 3483 593 3529; x_wconf 88' lang='lat' dir='ltr'>novum</span> <span class='ocrx_word' id='word_1_233' title='bbox 605 3469 791 3550; x_wconf 84' lang='lat' dir='ltr'>suffragium</span> <span class='ocrx_word' id='word_1_234' title='bbox 802 3470 893 3532; x_wconf 87' lang='lat' dir='ltr'>alteri</span> <span class='ocrx_word' id='word_1_235' title='bbox 902 3471 969 3550; x_wconf 86' lang='lat' dir='ltr'>jam</span> <span class='ocrx_word' id='word_1_236' title='bbox 984 3467 1156 3532; x_wconf 85' lang='lat' dir='ltr'>nominato</span> 
     </span>
    </p>
   </div>
   <div class='ocr_carea' id='block_1_3' title="bbox 0 0 1329 4250">
    <p class='ocr_par' dir='ltr' id='par_1_9' title="bbox 0 0 1329 4250">
     <span class='ocr_line' id='line_1_36' title="bbox 0 0 1329 4250; baseline 0 0"><span class='ocrx_word' id='word_1_237' title='bbox 0 0 1329 4250; x_wconf 95' lang='lat' dir='ltr'> </span> 
     </span>
    </p>
   </div>
  </div>
 </body>
</html>
