2626 4258
302 197 354 246 884
470 193 625 242 ΕΧΡΟΒΙΤΙΟ
647 190 825 239 assuentes
845 192 927 238 touls
950 191 1098 244 cademot.

298 332 379 389 rum,
394 310 662 394 presbyterorum,
686 315 718 372 et
736 309 956 386 diaconorum,
971 310 1009 372 ad
1024 310 1225 374 similitudinem

298 413 485 476 hierarchiae
507 411 654 486 coelestis
683 410 715 470 in
729 427 791 488 qna
807 411 889 472 Deus
905 415 969 470 tres
985 409 1103 470 ordines
1113 409 1225 472 instituit.

337 511 375 572 ΙΙ.
391 510 541 572 Numerus
555 508 748 572 cardinalium
760 507 838 569 olim
858 507 998 570 incertus
1011 508 1081 580 suit3
1096 525 1146 584 pro
1157 508 1228 567 varie

296 614 360 672 tate
374 614 556 688 temporum
571 607 737 688 pauciores
752 607 798 667 vel
815 607 918 684 plures
939 605 1132 666 cardinalesa
1147 605 1226 666 Ponti·

296 706 408 770 ficibus
421 706 518 768 creati
533 711 615 768 sant.
633 705 757 767 Saeculo
779 721 833 778 xa,
863 703 1073 766 Cardinalium
1092 702 1227 780 collegium

280 803 460 868 ¹constabat
477 807 495 864 7
517 802 686 882 episcopis,
704 805 743 864 l8
759 802 962 882 presbyteris,
979 804 1016 864 l8
1031 799 1164 862 diaconis.
1179 799 1228 861 Six-

296 905 347 962 tus
368 902 395 962 V
416 900 555 962 decrevit
570 899 609 978 (lt
629 916 669 960 ne
689 899 722 960 in
744 905 906 978 posterum
931 900 1036 978 plures
1053 903 1227 977 essentquam

294 1001 346 1074 ¹10,
372 999 519 1078 exemplo
540 1001 580 1060 70
603 997 766 1059 seniorum
790 1015 869 1100 quos
891 998 1013 1076 Moyses
1035 995 1228 1075 proregimine

294 1094 405 1174 populi
429 1095 487 1156 Dei
505 1094 566 1156 sibi
591 1094 781 1174 assumpsit;
807 1100 902 1174 atque
929 1113 967 1156 ex
986 1095 1030 1156 eis
1051 1109 1111 1155 esse
1133 1097 1228 1170 oportet

294 1191 494 1272 presbyteros
519 1195 568 1265 50,
588 1192 739 1254 diaconos
753 1197 802 1273 ts,
820 1193 996 1272 Episcopos
1012 1194 1041 1268 6,
1061 1191 1128 1272 quia
1141 1191 1191 1250 duo
1202 1206 1228 1249 ex

295 1290 388 1351 dictis
403 1289 638 1368 episcopatibus
654 1290 817 1368 conjuncti
832 1297 917 1352 sunt.

335 1387 516 1449 cardinales
530 1405 604 1449 vero
620 1387 773 1466 episcopi,
795 1387 972 1467 presbyteri
1000 1390 1031 1448 et
1056 1383 1164 1448 diaconi
1181 1399 1226 1442 uon

294 1485 445 1547 dicuntur
458 1485 497 1546 ab
511 1485 634 1561 ordine,
651 1503 714 1564 quo
729 1485 845 1548 initiati
860 1491 945 1560 sunt,
962 1487 1017 1548 sed
1032 1483 1144 1546 atitulis
1155 1480 1226 1542 eccle·

293 1582 420 1658 siarum,
438 1601 517 1662 quos
539 1583 654 1663 singuli
669 1589 790 1646 tenent.
1068 1569 1070 1575 ¹

333 1683 386 1743 ΙΙΙ.
400 1680 476 1740 Juro
492 1681 652 1762 collepialio
666 1686 853 1761 competunt
874 1680 1094 1754 cardinalibus,
1109 1680 1224 1757 quatenns

293 1779 463 1856 collegium
480 1781 639 1858 peculiare
656 1785 689 1840 et
704 1780 890 1841 distinctum
905 1779 1057 1854 efficiunt,
1073 1773 1225 1837 leucadius·

293 1883 341 1940 tar
354 1878 567 1955 capitulorum
579 1877 821 1954 cathedralium,
835 1894 910 1938 cum
924 1878 1019 1940 certis
1031 1874 1130 1939 olltciis
1141 1883 1223 1948 corpus

294 1992 387 2036 suum
402 1975 658 2054 respicientibus.

333 2075 465 2136 Sacrum
480 2073 649 2153 collegium
672 2073 768 2136 habet
791 2093 883 2136 suum
903 2081 1011 2156 caput,
1033 2073 1143 2136 scilicet
1160 2069 1225 2128 leca-

292 2188 381 2246 num,
397 2171 474 2234 item
495 2169 705 2234 camerarium
732 2173 783 2234 cui
800 2175 1016 2238 committitur
1036 2164 1224 2234 administratio

292 2269 451 2332 honorum
467 2270 604 2350 collegii,
623 2271 829 2333 secretarium
846 2283 878 2335 et
891 2273 972 2336 alios
987 2271 1135 2336 officiales.

333 2369 551 2430 Cardinalibus
571 2369 725 2448 competit
738 2369 794 2450 jus
808 2369 939 2451 optandi,
963 2389 1036 2450 quo,
1054 2370 1131 2449 juxta
1151 2363 1224 2425 certas

292 2467 427 2546 regulas,
446 2467 479 2528 in
498 2466 644 2545 proximo
666 2468 856 2530 consistorio
878 2469 1013 2531 titulum
1033 2451 1173 2529 vacantem
1185 2474 1225 2518 suo

293 2565 423 2626 arbitrio
437 2569 546 2644 optare
560 2570 703 2644 possunt.
727 2566 802 2628 Haec
817 2571 864 2629 cst
891 2567 985 2644 ratio,
1004 2585 1058 2628 cur
1070 2563 1187 2626 De'canus
1198 2554 1228 2614 sil

292 2662 467 2742 Episcopus
494 2662 665 2738 Ostiensis;
691 2663 844 2724 nimirum
877 2665 1053 2728 Decanatus
1076 2654 1179 2736 collegii
1200 2665 1251 2712 er*

289 2761 360 2840 jure
374 2762 413 2821 ad
426 2761 638 2840 antiquiorem
652 2761 735 2823 inter
748 2763 929 2825 Cardinales
942 2765 1102 2844 episcopos
1115 2756 1227 2818 deleren-

292 2861 350 2920 dus
371 2864 437 2933 est;
458 2859 618 2938 antiquior
640 2877 715 2922 vero
740 2861 910 2941 episcopus
933 2863 984 2925 via
998 2858 1124 2942 optionis
1144 2851 1228 2914 sedem
1249 2855 1250 2867 ¹

292 2957 467 3018 Ostiensem
484 2957 632 3036 acquirit.

332 3053 377 3114 Ex
391 3053 526 3132 collegio
550 3049 766 3118 cardinalium
778 3058 923 3120 Pontifex
937 3059 1024 3140 eligit
1036 3051 1181 3137 primarios
1192 3043 1227 3106 ol-

293 3150 420 3224 liciales,
437 3171 465 3213 v.
480 3170 511 3231 g.
526 3153 689 3215 vicarium
702 3157 756 3234 qui
774 3157 882 3218 olflcio
904 3156 1073 3236 episcopali
1086 3155 1115 3213 in
1127 3138 1226 3208 diocesi

292 3265 419 3309 romana
429 3249 580 3330 iungitur,
594 3253 881 3332 poenitentiarium,
889 3253 1097 3318 camerarium
1110 3236 1226 3309 ccclesia

290 3345 451 3421 Romana,
469 3349 710 3428 Cancellarium,
728 3355 789 3413 eto.

322 3550 355 3618 (tt
366 3549 515 3605 constitutio
532 3555 678 3631 Postquam,
