2620 4258
503 209 577 254 PARS
598 209 761 256 saltemus.
1066 207 1119 255 8³8

143 333 227 392 sunt.
244 329 378 390 caveant
390 325 541 406 Episcopi
557 344 598 388 ne
610 327 678 388 sine
691 327 777 406 gravi
791 343 886 389 eausa
897 327 997 388 laicos
1007 327 1121 390 admit·

142 433 221 503 tant,
244 427 298 506 qul
318 425 471 506 paulatim
486 425 795 506 sibitrihuerentjus
816 425 1058 488 interveniendi.

316 638 437 700 Δοιηιετιο
452 641 490 692 2¹.
503 665 534 678 —
544 641 580 691 Du
595 651 777 691 crcmnnrrour
790 641 885 692 smum
894 638 941 702 (tl.
1049 621 1058 644 ’

530 811 552 858 t.
564 809 741 860 presidentis.

181 961 392 1024 Praesidentia
417 962 557 1042 pertinet
574 963 614 1023 ad
638 962 841 1042 Episcopum.
869 961 967 1040 liujus
996 964 1043 1022 est
1064 975 1127 1020 ses·

144 1057 248 1118 siones
275 1057 428 1132 indicere,
456 1075 565 1120 causas
588 1075 778 1138 proponere,
808 1059 931 1138 singula
953 1055 1125 1119 moderari.

144 1156 263 1236 synodi
277 1156 492 1219 celebratione
516 1175 580 1217 non
601 1157 791 1218 immutatur
811 1157 923 1218 relatio
950 1173 1021 1236 quae
1044 1155 1126 1216 inter

143 1254 337 1334 Episcopum
353 1261 384 1318 et
398 1257 520 1318 clerum
535 1256 728 1329 intercedit;
746 1256 821 1318 inde
840 1255 973 1317 insertur
993 1254 1125 1333 Episco-

144 1369 221 1430 pum
238 1370 306 1414 esse
318 1355 421 1415 solum
438 1355 661 1434 legislatorem.
676 1353 779 1433 Ipsius
789 1354 959 1415 auctoritas
972 1352 1003 1412 in
1019 1352 1128 1414 mode·

144 1451 267 1513 ramine
282 1453 394 1532 synodi
411 1454 536 1514 estsere
557 1469 693 1526 summa,
724 1452 898 1531 caeterique
915 1455 990 1511 sunt
1003 1456 1127 1511 tantum

144 1549 318 1610 consiliarii
331 1550 447 1630 quibus
461 1550 572 1612 utitur.

183 1648 294 1726 ltaque
311 1647 455 1728 synodus
470 1667 535 1710 non
551 1652 598 1709 est
614 1651 788 1709 conventus
810 1647 988 1708 deliberans
1007 1645 1040 1706 in
1064 1662 1128 1724 quo

143 1747 180 1806 m
196 1745 391 1806 tumultuosa
406 1746 573 1820 discussio,
594 1751 625 1808 et
643 1745 744 1825 mayor
761 1761 834 1824 pars
851 1746 913 1808 lert
926 1747 1041 1825 legem.
1057 1743 1129 1806 Sui-

146 1842 244 1922 lragia
259 1843 365 1922 colligi
381 1861 441 1904 non
456 1845 571 1906 solent.

185 1940 299 2002 Omnia
307 1939 987 2022 peragunturnomineEpiscopi.lpseeligit
996 1941 1128 2002 modum

147 2056 211 2120 quo
226 2037 348 2100 clerum
370 2041 520 2104 consulit.

431 2253 455 2302 2.
471 2253 576 2314 Negotia
587 2259 613 2304 et
623 2254 724 2306 decreta
738 2252 840 2318 synodi.

185 2423 211 2484 l.
233 2419 359 2501 Nepotis
374 2421 494 2504 Synodo
516 2425 712 2506 competendo.

187 2523 215 2582 l.
245 2521 426 2601 Generatim
445 2523 621 2602 Episcopus
635 2523 674 2584 ,in
691 2523 819 2602 Synodo
834 2521 978 2584 decernit
1002 2537 1039 2581 ea
1062 2535 1133 2598 quae

146 2617 381 2679 neeessariavel
395 2619 484 2680 utilia
493 2627 575 2689 sunt,
587 2626 619 2681 et
631 2624 777 2700 spectant
788 2617 904 2680 abusus
914 2617 1130 2696 corrigendos,

149 2715 280 2776 virtutes
299 2719 541 2792 promovendas,
557 2717 762 2796 disciplinam
773 2715 1019 2778 instaurandam.

96 2805 100 2810 ’
189 2811 237 2872 Ad
253 2810 416 2892 Synodum
434 2819 556 2893 spectat
567 2814 696 2874 decreta
711 2813 839 2876 concilii
857 2809 1059 2892 provincialis
1077 2829 1135 2890 pu·

150 2909 281 2983 blicam,
293 2909 371 2970 alias
386 2912 469 2990 leges
482 2930 514 2972 m
530 2913 677 2974 ellectum
692 2911 861 2974 deducere.

190 3008 434 3086 captoribus
462 3011 640 3072 cavendum
667 3016 725 3071 est.
757 3009 902 3089 Synodus
923 3024 988 3068 non
1015 3005 1137 3068 dirimit

152 3104 346 3183 quaesliones
358 3107 501 3168 nondum
512 3107 658 3168 delinitas
667 3106 752 3168 cirea
764 3107 860 3167 fidem
879 3109 910 3166 et
927 3109 1134 3166 sacramenta.

153 3203 222 3262 Non
248 3201 373 3281 judicat
399 3221 509 3266 causas
535 3205 683 3284 majores,
713 3220 818 3282 neque
840 3202 929 3264 laedit
948 3201 1020 3281 jura
1046 3201 1137 3262 Sedis

155 3300 360 3380 Apostolicae.
373 3303 482 3366 Potest
491 3303 614 3382 aliquid
625 3305 887 3378 statuerepraeter
892 3299 944 3378 jus
953 3316 1134 3374 commune,

188 3483 222 3546 (1)
241 3487 386 3539 pontificale
403 3503 545 3552 romanum,
564 3487 630 3540 Ordo
652 3485 688 3536 ad
704 3484 844 3550 Synodum.
868 3511 899 3523 -
914 3485 1029 3547 Garanti,
1047 3483 1139 3532 Praete

157 3563 255 3628 synodi
264 3568 422 3646 diaecesanoe.

989 3659 1035 3707 le.
