2630 4250
204 263 259 310 2³8
370 259 529 306 nxrosialo
548 259 727 306 unxflonmn
747 261 830 318 tems
852 261 1008 308 canonici.

430 469 451 519 1.
468 495 500 506 -
514 468 586 519 Ratio
595 467 671 528 hujus
681 467 810 530 dignitatis
820 467 845 516 in
856 481 955 530 genere.

242 639 319 698 Haeo
347 637 590 715 ratio'patebit,
618 637 644 696 si
671 639 840 698 n'oscamus
865 637 999 697 istorum
1028 639 1197 716 mederum

202 752 329 796 causam
362 734 566 809 efficientem,
601 735 826 814 exemplarem,
861 735 988 794 finalem
1024 741 1056 798 et
1090 755 1198 800 oeca-

203 832 369 894 sionalem.
779 895 781 900 .

242 933 264 990 1.
280 929 400 991 norom
421 949 507 991 conso
527 929 669 1011 efficiens.
687 930 816 990 -Gum
831 929 989 990 Primatus
1009 931 1096 992 solus
1112 933 1197 1010 Epi-

111 1068 114 1072 ·
161 1097 164 1105 ,
203 1029 307 1106 scopis
320 1027 454 1106 praesit
442 1045 513 1106 Jure
528 1026 673 1126 divino,
665 1030 707 1088 ist
708 1046 718 1086 1
710 1025 870 1106 gradus
862 1031 909 1088 int
912 1044 945 1086 er
959 1028 1135 1108 Episcopos
1146 1031 1196 1092 ab

203 1124 344 1186 Ecclesia
359 1124 470 1185 institu
452 1125 496 1185 uti
472 1129 604 1185 t.sunt
613 1095 789 1184 Nimirum
806 1140 917 1185 eorum
935 1125 1108 1186 auctoritas
1121 1143 1192 1188 non
1303 1139 1304 1194 ξ

205 1222 325 1285 derivat
311 1227 364 1284 tur
381 1222 420 1282 ab
438 1223 642 1301 Episcopatu,
660 1221 864 1300 siquidem
856 1239 924 1300 ipsa
950 1226 997 1282 est
1018 1223 1193 1302 Episcopis
1303 1213 1304 1262 f

204 1321 364 1398 superior3
385 1321 527 1399 proiecto
541 1320 673 1380 interior
682 1320 794 1398 nequit
809 1321 986 1380 concedere
996 1326 1191 1398 potestatem
1303 1365 1304 1370 η

205 1419 264 1480 sibi
284 1417 484 1496 superiorem
498 1434 594 1496 quam
607 1435 674 1478 non
688 1417 794 1478 habet.
808 1416 907 1496 Igitur
922 1423 1067 1496 superest
1080 1419 1192 1482 dicen·

207 1518 294 1591 dum,
306 1515 585 1594 hancdignitatem
599 1513 639 1575 ab
653 1513 841 1575 auctoritate
859 1515 1074 1592 apostolicas.
1087 1517 1186 1594 Petri,

206 1612 431 1690 Apostolorum
446 1617 478 1672 et
489 1611 680 1672 Pontificum
692 1609 870 1671 institutam
888 1610 983 1670 fuisse
1001 1609 1057 1690 (l).

245 1709 287 1770 ΙΙ.
310 1707 406 1780 Conso
416 1708 602 1788 exemplaris.
615 1707 823 1769 -lnstitutio
835 1708 1070 1786 provinciarum
1084 1711 1196 1772 eccle·
1303 1715 1304 1724 ’

207 1806 559 1868 siasticarnmimitatur
571 1807 712 1867 divinam
734 1806 886 1869 Ecclesiae
904 1808 1185 1870 constitutionem.

207 1897 484 1974 Quemadmodum
501 1919 613 1964 omnes
626 1903 788 1980 Episcopi,
805 1903 888 1964 inter
903 1921 936 1964 se
954 1905 1064 1966 ordine
1078 1923 1186 1984 pares,

208 2002 342 2062 Summo
360 1999 508 2062 Pontifici
527 1997 749 2076 subjiciuntur,
763 1999 807 2062 ita
817 2001 925 2078 plures
947 2002 1097 2082 Episcopi
1109 2005 1193 2065 dioe·

207 2097 314 2160 desani
340 2097 530 2174 praesidibus
556 2095 793 2174 provinciarum
817 2097 1074 2164 subordinantur.
1102 2101 1200 2172 Siout
1303 2131 1304 2134 ¹

208 2195 295 2258 inter
309 2195 484 2272 Apostolos
501 2211 599 2256 unum
614 2199 771 2274 potestate
793 2196 1002 2274 superiorem,
1020 2198 1104 2258 velut
1117 2199 1194 2258 uui·
1303 2189 1304 2208 ¹

209 2293 284 2356 tatis
303 2299 460 2368 centrum,
483 2291 624 2362 Christus
642 2297 872 2371 praeposuerat,
886 2293 930 2355 ita
945 2295 1106 2372 provisum
1129 2300 1190 2371 est,
1210 2333 1212 2342 ‚
1303 2283 1304 2310 ¹

209 2391 253 2452 ait
279 2391 309 2452 S.
336 2392 411 2462 Leo,
438 2398 473 2470 ut
500 2411 514 2448 ιι
531 2395 636 2452 essent
664 2390 698 2450 in
725 2389 856 2470 singulis
879 2391 1050 2470 provinciis
1075 2392 1190 2472 singuli
1303 2463 1304 2480 ἶ

208 2488 456 2568 (Metropolitae),
484 2505 621 2566 quorum
644 2487 729 2550 inter
754 2489 867 2552 iratres
894 2488 1065 2552 haberetur
1091 2491 1195 2569 prima
1303 2491 1304 2560 ἶ

209 2586 386 2659 sententia;
404 2591 554 2648 etrursus
573 2585 704 2664 quidam
721 2585 755 2646 in
770 2585 943 2666 majoribus
954 2587 1088 2648 urbibus
1101 2605 1195 2652 cons·
1303 2621 1304 2634 ι

208 2683 294 2746 tituti
305 2683 471 2764 (primates
482 2688 513 2746 et
522 2683 726 2762 Patriarohae)
738 2683 1192 2764 sollicitudinemsusciperent

209 2783 410 2859 ampliorem,
436 2799 494 2860 per
516 2800 596 2860 quos
608 2784 648 2844 ad
662 2799 759 2844 unam
781 2783 812 2844 S.
834 2782 919 2844 Petri
935 2784 1045 2844 sedem
1066 2783 1194 2848 univer·
1303 2771 1304 2808 ³

210 2881 283 2942 salis
297 2881 449 2942 Ecclesia
464 2881 649 2957 conflueret,
667 2879 793 2942 etnibil
820 2897 954 2959 usquam
978 2898 998 2942 a
1016 2882 1191 2961 suocapite

211 2979 380 3040 dissideret
395 2978 447 3057 (t).
464 3001 478 3038 ιι

248 3077 298 3138 Ill.
322 3073 419 3137 Conso
432 3073 542 3156 finalis.
558 3107 600 3122 -
613 3075 649 3136 ln
660 3075 747 3138 hunc
765 3077 863 3136 finem
878 3075 1020 3140 Ecclesia
1033 3075 1192 3156 ejusmodi
1303 3149 1304 3152 Ἴ

209 3173 324 3254 gradus
350 3171 498 3247 instituit,
528 3175 563 3232 ut
589 3171 892 3234 Primatusfacilius
922 3179 1132 3250 exerceretur,
1161 3180 1193 3236 ct
1303 3155 1304 3232 3

210 3268 365 3330 dioeeeses
388 3285 445 3346 per
471 3264 679 3346 provinciam·
698 3269 738 3328 ad
766 3269 923 3332 unitatem
947 3271 1188 3333 attraherentur.
1303 3263 1304 3266 ’

212 3363 340 3427 Etenim
352 3364 434 3426 siout
445 3366 590 3428 Pontifex
612 3367 772 3428 Romanus
791 3371 840 3428 est
853 3373 999 3430 centrum
1016 3367 1146 3432 unitatis
1159 3369 1191 3429 in

244 3538 275 3598 ιι)
286 3533 398 3595 norisio,
409 3535 481 3583 mou
492 3535 579 3596 puero
595 3535 625 3585 oe
640 3521 754 3600 eriam,
770 3538 816 3590 nv.
831 3537 851 3598 ι,
863 3539 905 3590 ιιι.
920 3553 960 3589 xv.

241 3619 273 3679 (2)
289 3619 313 3669 S.
327 3617 385 3678 Leo,
396 3614 467 3677 episi.
484 3618 521 3673 12,
532 3615 568 3664 od
577 3615 728 3695 Episcopum
743 3616 983 3669 Thessalonicensem.
