2588 4272
211 259 244 307 68
386 256 544 304 uxeoslulo
566 255 742 304 auunculus
762 255 845 302 Junls
866 253 1023 302 canumet.

190 399 195 406 ·
210 393 342 458 pensare
356 380 464 456 potest
475 375 647 454 legislator,
660 374 728 454 ejus
743 391 917 451 successor,
940 373 1076 438 istorum
1090 375 1125 435 in
1136 374 1192 455 ju-

211 475 396 539 risdictione
411 475 567 554 superior.
927 537 928 540 ,

252 574 304 636 Sic
319 574 415 653 igitur
428 573 609 652 dispensare
623 573 706 634 valet
717 574 866 635 Summus
881 570 1027 634 Pontifex
1038 571 1072 632 in
1085 571 1191 634 omni-

211 673 270 734 bus
284 671 410 750 legibus
424 669 665 746 ecclesiasticis;
681 670 866 750 Episcopus
881 670 916 732 iu
929 669 1052 750 legibus
1069 671 1193 733 dioece·

210 788 306 832 sams.

250 867 365 950 Regulo
377 871 426 930 2¹:
441 867 575 928 Inferior
589 865 770 946 dispensare
782 865 894 945 nequit
908 865 941 926 in
955 865 1077 946 legibus
1095 884 1191 947 supe-

211 949 315 1041 rioris,
335 966 395 1028 nisi
410 965 541 1027 facultas
554 964 614 1043 ipsi
632 965 837 1026 concedatur.
856 964 948 1025 Ratio
962 969 1019 1038 est,
1038 965 1113 1043 quia
1128 965 1194 1026 dis·

211 1081 344 1143 pensare
365 1068 413 1125 est
434 1068 522 1124 actus
540 1061 789 1141 jurisdictionis;
810 1061 896 1140 atqui
912 1062 1043 1123 interior
1057 1079 1124 1124 non
1137 1063 1194 1125 ha-

212 1162 267 1224 bet
283 1162 540 1242 jurisdictionem
560 1161 593 1220 in
617 1161 787 1240 superioris
803 1162 899 1240 leges.
915 1161 1005 1224 Unde
1020 1161 1139 1222 dicitur
1156 1163 1192 1222 in

213 1261 439 1324 Clementinis:
461 1263 554 1323 aLex
575 1257 747 1338 superioris
758 1275 816 1338 per
827 1258 1011 1320 inferiorem
1032 1259 1103 1321 tolli
1125 1277 1194 1322 non

213 1365 318 1440 potest
333 1359 386 1440 (l).
406 1381 421 1418 n
885 1418 887 1423 ,

251 1461 328 1520 lnde
343 1457 503 1537 colligitur
514 1455 707 1535 Episcopum
721 1471 785 1516 non
797 1469 890 1533 posse
905 1454 1089 1534 dispensare
1101 1456 1195 1519 inle-

214 1556 305 1638 gibus
320 1555 531 1635 generalibus,
546 1553 607 1614 nisi
619 1553 652 1614 iu
666 1552 791 1615 casibus
803 1552 863 1632 ipsi
879 1553 1049 1616 concessis.
1158 1621 1166 1632 Ι

253 1654 367 1736 Reputo
387 1655 418 1714 3·
436 1673 442 1715 :
464 1655 607 1714 Potestas
630 1649 844 1730 dispensandi,
868 1667 942 1712 cum
964 1651 1005 1714 sit
1027 1651 1114 1715 bono
1132 1671 1195 1733 pu-

213 1753 299 1814 blico
311 1751 500 1826 favorabilis,
510 1752 573 1812 late
581 1751 818 1828 interpretanda
828 1754 884 1812 est.
897 1751 967 1828 Ipsa
976 1767 1048 1812 vcro
1062 1751 1195 1831 dispen-

214 1851 392 1925 satiacum
407 1849 449 1912 sit
462 1849 574 1910 vulnus
588 1846 676 1926 legis,
685 1847 870 1924 regulariter
882 1849 1024 1910 strictam
1036 1849 1195 1931 interpre-

213 1950 366 2012 tationem
382 1947 512 2027 patitur.

252 2047 292 2108 ll.
309 2043 413 2107 Causea
426 2043 466 2104 od
474 2041 694 2124 disponendum
707 2042 866 2122 requesitoe.
876 2074 916 2090 ·-
929 2043 1043 2126 Regula
1059 2047 1089 2108 1·
1106 2066 1112 2106 :
1129 2045 1196 2108 lui.

213 2145 277 2207 cita
292 2150 340 2206 est
355 2141 548 2222 dispensatio
564 2140 631 2202 sine
645 2141 748 2202 causis
762 2158 923 2208 concessa.
938 2144 1029 2206 Ratio
1041 2149 1099 2216 est,
1117 2145 1195 2224 quia

215 2248 353 2323 potestas
367 2241 503 2302 daturin
522 2239 767 2301 edificationem
781 2239 834 2319 (P).

253 2340 435 2420 deputat:
458 2338 570 2402 Valida
594 2341 642 2400 est
667 2337 860 2416 dispensatio
887 2339 954 2402 sine
978 2339 1079 2402 causis
1103 2358 1122 2402 a
1142 2359 1195 2403 su-

214 2455 326 2518 premo
349 2437 527 2516 legislatore
547 2451 707 2510 concessa,
729 2436 804 2514 quia
818 2436 896 2516 legis
911 2437 1060 2516 obligatio
1071 2438 1196 2516 pendet

124 2532 131 2552 ⁸
181 2593 186 2604 ,
215 2536 254 2598 ab
273 2536 357 2596 illius
373 2536 544 2598 voluntate.
560 2533 700 2595 Invalida
711 2533 782 2608 erit,
800 2533 825 2594 si
847 2535 1040 2596 concedatur
1053 2533 1093 2596 ab
1108 2535 1195 2598 inle-

215 2634 299 2695 riore
314 2638 345 2696 et
357 2634 513 2713 delegato,
522 2631 1194 2711 namistenonaccepitpotestatemtemere

216 2730 430 2811 dispensandi.
1092 2777 1095 2786 .

255 2829 370 2910 Regula
381 2829 412 2890 3·
428 2846 435 2888 :
450 2828 593 2890 Potestas
615 2826 776 2905 dispensat
790 2825 848 2887 sub
863 2827 1066 2890 conditione:
1082 2827 1111 2888 si
1120 2846 1194 2910 pre·

215 2945 259 2988 ees
270 2925 390 2988 cantate
403 2925 549 2986 nitantur.
566 2923 759 3002 Dispensatio
770 2923 906 2985 invalida
916 2929 963 2986 est
973 2930 1103 3004 propter
1117 2925 1194 2988 sub-

215 3025 396 3105 reptionem
412 3028 467 3086 aut
481 3022 713 3102 obreptionem,
730 3021 764 3084 id
778 3026 837 3098 est,
849 3027 980 3103 propter
992 3023 1193 3087 reticentiam

250 3221 284 3283 (1)
296 3221 416 3286 clement.
429 3219 461 3282 ll,
474 3221 510 3270 De
518 3218 649 3270 electione.

249 3302 281 3360 (2)
294 3299 385 3350 Concil.
402 3299 512 3350 Trident.
525 3306 594 3356 tsess.
608 3311 668 3360 xxv,
680 3311 739 3361 cap.
750 3299 868 3360 xvrn,De
879 3301 986 3357 resona.
997 3315 1005 3347 s
1018 3319 1029 3347 ι
1044 3301 1130 3352 selant
1138 3301 1196 3352 uni.

219 3391 415 3430 versoscanonee
422 3387 507 3430 exacte
517 3381 547 3428 ab
555 3379 669 3428 omnibus
678 3381 858 3439 observandam
869 3382 934 3443 quod
945 3383 967 3430 ai
978 3396 1069 3444 urgens
1077 3384 1196 3444 justaque

218 3458 294 3517 ratio,
311 3460 390 3519 major
400 3460 546 3520 quandoque
561 3460 657 3508 utilitas
669 3461 833 3522 postulaverit
844 3476 901 3511 cerm
913 3463 1038 3524 aliquibus
1052 3463 1196 3526 dispensan-

221 3539 281 3587 dum
306 3551 369 3598 esse,
385 3538 410 3586 id
429 3553 504 3588 causa
524 3539 622 3600 cognita
645 3553 674 3590 ac
687 3556 785 3592 summa
810 3545 955 3594 maturitate
968 3558 983 3594 a
997 3543 1196 3611 quibuscumque

221 3619 328 3681 adquae
343 3619 494 3682 dispensatio
506 3619 649 3680 pertinebit,
662 3623 711 3672 erit
722 3624 897 3684 praestandum.
918 3639 929 3668 ι
