2626 4258
329 263 331 268 .
422 220 496 266 runs
517 218 683 269 sanemus.
990 222 1044 270 ass
1072 225 1074 228 ·

109 337 146 400 In
171 336 332 400 vicarium
351 337 559 418 capitularem
584 337 735 400 constitui
759 337 870 418 nequit
887 339 1045 417 parochus

67 435 192 498 habens
206 454 314 498 curam
339 436 515 500 animarum
535 441 623 499 extra
637 435 797 498 civitatem
818 436 1043 516 episcopalem.
1154 511 1160 523 ‚

70 535 185 598 valida
195 553 269 598 vero
282 541 363 598 esset
375 536 488 598 electio
502 533 633 614 parochi
649 534 773 596 urbani.

113 635 144 694 2.
164 633 349 695 Nominatus
367 635 406 695 ad
430 632 734 712 Episcopatumnon
759 633 922 713 eligendus
945 639 992 697 est
1015 633 1049 696 iu

74 730 238 794 vicarium
255 731 475 810 capitularem,
496 747 571 793 cum
591 735 663 792 ante
678 732 953 794 confirmationem
972 749 1052 810 apo·

76 828 223 890 stolicam
238 833 374 908 nequeat
388 829 454 890 ullo
472 827 567 890 titulo
581 827 889 892 administrationem
904 829 1051 892 dioecesis

77 927 238 1006 suscipere
251 927 305 1009 (l).

350 1127 373 1176 2.
391 1127 502 1176 Potestas
513 1124 606 1176 vicarii
622 1126 778 1189 capitularis.

120 1283 144 1343 Ι.
168 1280 237 1343 ltite
259 1280 432 1344 constituto
454 1281 580 1344 Vicario
601 1282 779 1362 capitulari,
797 1281 911 1362 intepru
936 1277 1060 1363 capituli

79 1387 207 1462 potestus
219 1378 249 1438 in
261 1397 327 1438 eum
341 1379 532 1460 transfertur.
549 1380 706 1460 Equidem
719 1381 797 1442 olim
810 1380 934 1460 vigebat
949 1380 1057 1458 opinio

81 1477 271 1557 permittens
287 1477 425 1556 capitulo
446 1478 585 1557 aliquam
605 1478 837 1557 jurisdictionis
855 1484 978 1558 partem
998 1476 1059 1538 sibi

82 1591 253 1636 reservare.
272 1575 333 1636 Sed
350 1575 506 1636 sententia
518 1577 694 1652 praevaluit,
711 1594 775 1636 nou
793 1576 889 1638 licere
902 1594 962 1638 neo
976 1577 1060 1636 vale·

83 1691 119 1734 re
133 1672 337 1734 limitationes
351 1673 500 1750 potestati
513 1673 630 1735 Vicarii
643 1674 825 1752 capitularis
836 1675 1008 1754 appositas.

126 1772 164 1833 ll.
192 1770 336 1834 Vicarius
363 1771 544 1832 nullatenus
569 1777 674 1850 potest
696 1790 714 1832 a
739 1772 883 1852 Capitulo
909 1770 1060 1834 revocari.

86 1869 180 1930 Ratio
196 1874 253 1946 est,
273 1867 347 1946 quia
361 1867 394 1927 in
414 1868 553 1947 capitulo
572 1887 636 1929 nou
651 1877 795 1932 remanet
811 1870 994 1950 jurisdictio
1008 1886 1064 1931 ac-

85 1967 193 2030 tualis

128 2067 180 2128 lll.
197 2068 338 2128 Potestas
350 2065 468 2132 Vicarii
482 2065 666 2145 capitularis
677 2065 810 2145 expirat,
823 2065 951 2146 quando
965 2082 1065 2126 novus

89 2165 266 2244 Episcopus
283 2165 422 2244 capitulo
438 2165 558 2226 litteras
572 2165 762 2244 apostolicas
778 2182 843 2226 suae
858 2163 1066 2226 institutionis

91 2263 240 2324 ostendit.
257 2262 427 2324 Successor
441 2263 616 2341 Episcopus
626 2267 762 2341 potesta
777 2261 901 2323 Vicario
914 2261 1068 2322 rationem
1135 2342 1138 2350 .

92 2356 376 2423 administrationis
391 2359 527 2437 exigere.

127 2535 161 2597 (1)
173 2533 311 2586 Concilium
319 2532 484 2595 lugdunense
496 2527 528 2588 ll,
539 2527 571 2577 de
580 2526 705 2577 Electique
717 2523 742 2573 in
753 2532 803 2584 u⁰;
818 2527 947 2576 Alexandri
960 2527 979 2576 V
990 2529 1072 2579 Const.

94 2613 137 2664 Ec
147 2613 259 2678 injuncto
267 2627 277 2675 ,·
288 2613 348 2662 Julii
365 2611 386 2662 ll
401 2613 486 2662 const.
499 2608 606 2657 Romani
620 2605 765 2670 Pontificio,
777 2607 815 2655 Pii
826 2607 870 2656 llll
881 2607 971 2657 littere
988 2609 1019 2657 ad
1033 2608 1075 2657 vi·

94 2695 194 2747 carium
203 2693 369 2756 capitularem
379 2689 490 2743 ecclesio
503 2686 652 2738 Florentius
666 2691 692 2737 et
705 2684 859 2738 parisiensis.

873 2834 891 2884 Ι

429 3103 514 3157 muts
535 3103 609 3156 tout
633 3101 758 3154 Pelorus
