2588 4272
432 197 506 243 PARS
527 196 707 244 cursurus.
1021 201 1051 248 87

113 314 142 372 l⁰
154 310 324 394 Appellatio
339 312 376 372 ab
387 311 488 388 obesa,
503 331 619 394 nempe
645 315 701 377 illa
724 316 840 378 misera
854 319 1053 382 consuetudo

77 409 260 488 subjiciendi
271 411 447 472 Ecclesiam
462 413 698 492 magistratibus
707 414 862 492 civilibus,
872 417 912 476 ad
926 433 979 478 eos
998 435 1052 496 ap·

77 508 217 588 pallando
231 526 250 568 a
262 509 426 570 sententiis
436 509 556 588 judicis
572 512 792 574 ecelesiastici.

111 609 141 664 2⁰
153 603 302 665 Placitum
317 606 441 686 regiam,
455 607 487 668 id
503 613 562 680 est,
578 609 715 688 pessima
725 609 824 670 altera
841 612 1050 686 consuetude,

78 721 132 782 qua
152 704 393 769 constitutiones
422 707 604 784 apostolica
625 713 657 769 et
682 708 915 786 Episcoporum
937 709 1051 770 litterae

77 803 241 880 pastorales
257 801 309 862 edi
323 803 502 884 servarique
516 810 672 881 vetantur,
691 805 751 866 nisi
772 805 805 866 id
821 805 919 866 civilis
939 808 1052 888 magis-

80 905 176 962 tratus
189 900 365 978 permittat.

111 999 141 1058 3⁰
157 997 269 1078 Regias
294 1005 470 1078 potronatus
489 1006 520 1062 et
543 1000 688 1062 custodia
703 1016 874 1072 canonum,
893 1018 956 1078 quo
971 1019 1050 1080 praa

78 1099 156 1156 textu
180 1085 373 1174 gubernium
395 1097 454 1158 sibi
478 1098 618 1160 vindicat
643 1099 826 1160 facultatem
856 1095 1050 1176 quibuslibet

79 1192 219 1254 Ecclesia
233 1195 371 1273 negotiis
388 1213 420 1256 se
434 1195 648 1258 immiscendi.

112 1291 163 1351 Ha
177 1295 250 1351 sunt
264 1291 426 1353 libertates
438 1294 612 1371 gallicanae,
632 1311 709 1372 quas
721 1293 912 1354 Fenelonius
932 1293 1047 1354 merito

81 1375 239 1464 appellavit
252 1389 436 1451 servitutem
450 1409 523 1470 erga
536 1393 664 1470 Regem,
683 1397 715 1454 et
729 1392 876 1452 adversus
887 1393 924 1450 n.
937 1391 1049 1451 Ponti-

83 1485 1050 1567 ficemlicentiam.SedesApostolicapluriesreprobarit,non

86 1587 194 1642 tantum
218 1583 432 1646 Gallicanismi
469 1585 666 1646 consectaria
690 1584 830 1662 politica,
856 1601 926 1661 quae
954 1584 1049 1644 veluti

83 1680 180 1758 jugum
192 1681 292 1762 simul
304 1687 335 1742 et
353 1683 482 1744 effectus
500 1683 723 1744 declarationis
737 1683 823 1744 clero
836 1679 1049 1760 ‚imponeban-

86 1782 138 1851 tur,
153 1779 205 1838 sed
222 1779 319 1840 etiam
331 1779 432 1858 ipsam
445 1779 704 1842 declarationem.

118 1876 178 1937 lmo
192 1894 262 1938 eam
284 1878 464 1956 rejecerunt
477 1879 562 1939 illius
585 1883 740 1952 auctores,
764 1893 880 1956 nempe
899 1876 1047 1956 Episcopi
1109 1937 1110 1940 ,

86 1977 112 2033 et
126 1973 185 2053 ipse
198 1975 377 2037 Ludovicus
389 1977 469 2039 XIV.

342 2181 417 2232 Istius
431 2179 573 2244 systematis
587 2179 722 2231 contutatio
735 2181 777 2242 (1).

118 2355 202 2416 Istius
221 2357 398 2435 systematis
425 2356 598 2419 confutatio
623 2355 774 2416 canonica
793 2353 826 2414 in
845 2371 882 2414 eo
901 2357 958 2427 est,
976 2358 1010 2414 ut
1029 2369 1046 2412 a

84 2458 158 2513 recta
171 2449 299 2516 notione
313 2455 393 2533 juris
413 2455 520 2514 Gallia
536 2469 756 2514 removeamus
771 2451 926 2532 plurimos
953 2451 1048 2512 Galli-

85 2567 221 2612 canorum
235 2553 531 2632 errores.·lamvero
549 2551 734 2630 hujusmodi
756 2555 939 2611 commenta
960 2565 1048 2626 spec·

85 2651 141 2710 tant
163 2651 209 2711 vel
236 2651 322 2712 illius
347 2638 428 2730 juiis
459 2649 716 2730 dependentium,
744 2649 791 2710 vel
815 2649 900 2728 leges
933 2645 1048 2724 quibus

87 2751 213 2808 censure
230 2748 360 2810 dicitur.
884 2739 889 2750 '
1021 2816 1024 2824 Α

118 2842 137 2903 1.
156 2843 243 2906 Circa
261 2845 346 2906 illios
366 2845 622 2926 dependentiam,
646 2845 805 2904 finxerunt
820 2843 850 2902 1⁰
869 2841 948 2903 illud
966 2844 1049 2901 stara

88 2941 280 3020 perseipsum
296 2944 434 3004 firmum.
452 2945 570 3005 Verum
586 2942 741 3004 evincitur
753 2941 875 3001 nullum
886 2940 937 3018 jus
951 2937 1048 2998 natio·

86 3036 144 3096 nale
158 3038 218 3116 juri
234 3021 399 3104 communi
412 3042 563 3116 derogare
575 3039 642 3100 sine
655 3039 856 3116 consensuR.
870 3035 1046 3097 Pontificis.

118 3133 247 3199 Proinde
267 3139 320 3220 jus
344 3139 533 3200 (canonicum
555 3136 662 3198 Galliae
689 3133 876 3196 auctoritate
900 3133 930 3194 S.
957 3131 1046 3194 Sedis

89 3225 229 3296 innititur.
310 3295 315 3308 ,

110 3389 137 3454 (¹)
145 3393 254 3456 Phillips,
269 3396 310 3444 Du
328 3395 397 3444 droit
418 3391 602 3455 ecclesiasttqoe
619 3388 737 3438 deesses
758 3386 886 3452 principes
908 3388 1044 3452 adalreus,

87 3467 126 3517 tul.
140 3464 179 3533 lll,
195 3473 240 3526 liv.
258 3481 280 3536 t,
296 3475 312 3538 ᾗ
326 3469 337 3526 '1
343 3478 382 3526 35¹.
400 3501 430 3512 -
452 3471 540 3533 Bouix,
554 3471 589 3520 De
594 3463 734 3534 principiis
738 3467 809 3532 juria
820 3469 940 3529 canonici,
955 3478 1012 3530 pars
1024 3465 1045 3525 l,

89 3555 137 3602 bct
149 3550 187 3618 lll,
198 3567 258 3617 cap.
274 3567 301 3606 n.
