2630 4250
202 193 255 240 280
370 181 527 232 exaustum
548 173 728 224 nannonlca
745 173 831 220 tutus
853 171 1009 218 canoaldi.

201 308 294 388 Papae
303 303 342 366 ab
356 299 522 380 Episcopis
538 296 577 357 ad
591 295 699 373 ipsum
720 289 862 362 transiit;
889 287 949 348 ista
963 303 1023 347 vox
1038 283 1185 346 caritatis

202 405 285 484 apud
302 403 427 462 Graecos
442 401 474 458 et
485 393 612 456 Latinos
623 394 746 470 patrem
761 387 926 466 signifieat.
1095 463 1100 474 ι

242 497 386 563 Vioarins
413 492 528 556 Christi
552 489 592 550 ah
616 484 850 565 alloquentibus
882 482 1001 543 dicitur
1031 477 1187 539 Sanctitas

202 601 334 679 propter
363 590 571 656 eminentiam
613 583 705 648 Sedis
733 581 945 661 Apostolicae3
980 583 1188 655 nuncupatur

202 693 363 760 Beatitado
389 690 515 754 comsit
529 685 681 750 Ecclesia
707 681 940 762 caputvisibile
965 679 1018 741 cui
1041 677 1187 750 Christus

204 791 405 855 invisibiliter
419 787 548 850 assistit.

244 889 390 950 Pontifex
403 885 515 964 ipsese
530 879 700 942 scribendo
718 875 797 938 dicit
819 892 935 934 amorem
958 889 1107 932 semorum
1127 868 1191 931 Dei

205 992 336 1070 propter
348 985 488 1047 officium
502 985 533 1042 et
542 977 768 1040 humilitatem.
844 1009 845 1012 =

245 1087 284 1146 ll.
301 1083 443 1162 lassante.
458 1113 499 1126 -
515 1077 613 1152 Tauro,
638 1074 740 1136 trihus
767 1070 964 1135 circumdata
983 1063 1122 1142 coronis,
1139 1068 1189 1126 est

205 1180 386 1264 symbolum
399 1175 585 1255 multiplicis
602 1170 767 1253 potestatis
779 1168 983 1230 Pontificum.
1310 1219 1311 1248 ᾖ

245 1278 380 1340 Polliam
406 1295 444 1338 ex
467 1277 538 1336 lana
563 1271 756 1344 conlectum,
774 1285 838 1345 quo
854 1267 1014 1325 Romanus
1039 1260 1189 1322 Pontifex

209 1389 334 1450 semper
344 1375 376 1432 et
390 1368 509 1447 ubique
519 1365 555 1426 in
569 1363 684 1427 oldoiis
699 1360 813 1422 divinis
830 1358 940 1432 utitur,
954 1353 1190 1435 plenitudinem
1310 1377 1311 1438 p

207 1469 306 1532 officii
315 1467 480 1548 pastoralis
498 1463 665 1544 significat.

247 1569 332 1647 Papa
354 1583 419 1626 non
441 1567 542 1643 gestat
558 1561 708 1623 haculum
723 1556 949 1636 episcopalem,
975 1551 1065 1632 cujus
1088 1551 1194 1612 torma

208 1665 332 1726 videtur
355 1663 577 1724 auctoritatem
598 1655 822 1736 participatam
847 1651 1043 1730 exprimere;
1078 1649 1133 1708 sed
1161 1645 1193 1708 ei

209 1763 376 1842 praelertur
388 1761 507 1838 pedum
527 1761 663 1830 rectum,
679 1769 796 1832 nempe
809 1769 894 1826 eruc,
911 1765 984 1828 quaa
1004 1751 1051 1821 est
1064 1745 1193 1826 signum

209 1859 325 1920 Christi
341 1857 505 1918 morientis
519 1859 549 1916 et
563 1851 735 1932 regnantis.

250 1956 302 2015 ΙΙΙ.
331 1953 418 2013 Ritus
446 1951 561 2029 quihus
589 1949 765 2011 reverentia
796 1945 944 2030 Pontifici
969 1941 1112 2006 exhiberi
1143 1959 1194 2004 so·
1310 2011 1311 2016 ἵ

212 2055 257 2115 let
269 2069 276 2112 ε

251 2145 352 2226 Ipsius
366 2138 561 2206 nom'enlteo
573 2139 801 2204 morationibus
813 2134 1071 2202 commendatur.
1086 2193 1089 2200 .

254 2242 431 2306 osculantur
448 2257 577 2303 erucem
601 2255 696 2320 super
722 2239 864 2300 sandalia
887 2239 971 2299 illius
982 2239 1193 2315 impressam:
1310 2263 1311 2294 r

214 2341 350 2421 dignitas
365 2339 496 2418 quidem
508 2339 651 2400 osculum
667 2336 757 2416 pedis
771 2336 947 2414 permittit;
966 2333 1105 2396 hominis
1118 2349 1196 2396 vero
1310 2393 1311 2412 χ

213 2437 376 2500 humilitas
408 2437 493 2498 huno
525 2435 681 2496 honorem
712 2434 753 2494 ad
783 2433 943 2496 Christum
974 2451 1032 2512 per
1064 2446 1196 2494 crucem
1310 2417 1311 2474 ἶ

214 2537 320 2598 refert.
1310 2537 1311 2548 κ

253 2629 459 2695 Beatissimns
474 2633 566 2694 Pater
584 2627 723 2690 benedicit
736 2627 812 2690 Urbi
824 2637 853 2689 at
865 2627 947 2690 Orbi.

408 2855 441 2905 Il.
464 2879 493 2894 -
505 2853 584 2904 Varias
600 2853 733 2916 dignitates
745 2853 840 2904 Summi
852 2852 990 2904 Pontifleis.

256 3029 376 3088 Praeter
397 3025 574 3086 Primatum
595 3025 666 3084 alias
693 3041 819 3103 quoqne
835 3023 1005 3104 dignitates
1020 3027 1052 3084 et
1064 3018 1201 3085 'munera

217 3123 340 3186 haerent
356 3123 389 3182 in
405 3124 537 3185 Summo
547 3121 712 3188 Pontifiee.
728 3125 800 3201 lpse
810 3123 896 3184 enim
909 3128 956 3184 est
969 3121 1068 3183 etiam
1085 3141 1093 3182 :
1310 3097 1311 3140 l

259 3227 289 3283 l⁰
312 3219 492 3308 Patraoreta
520 3218 700 3296 Occidentis;
721 3237 803 3282 nam·
822 3237 896 3282 cum
917 3219 1144 3282 tantummodo
1169 3219 1203 3279 in

219 3319 346 3380 Oriente
360 3319 467 3396 plures
480 3318 711 3398 patriarchatus
727 3319 826 3380 erecti
848 3323 962 3394 essent,
980 3317 1013 3377 in
1026 3317 1205 3380 Occidente
1310 3303 1311 3384 l

216 3412 287 3492 jura
303 3411 524 3488 patriarchalia
547 3413 696 3480 summus
713 3411 860 3474 Pontifex
875 3411 935 3476 sihi
948 3410 1088 3490 sumpsit
1113 3426 1205 3474 exer·
1310 3401 1311 3444 3

219 3509 331 3571 canda.
