2630 4250
522 181 597 226 PARS
620 181 785 228 SPECIALIS.
850 173 854 182 ¹
1085 182 1138 227 227

154 297 333 362 admodum
346 301 392 359 est
402 298 569 358 conveniens
578 298 634 377 (t).
646 297 774 360 Etenim
785 301 815 360 t⁰
826 301 901 360 Heec
916 299 1142 378 formaeligen-

157 399 192 459 di
205 401 382 474 temperata
397 402 445 456 est
462 395 657 474 expluribus
671 395 781 456 formis
803 395 975 476 legitimis:
992 397 1140 476 Episcopi

157 493 383 556 convenienter
419 491 580 570 eliguntur
601 493 650 553 vel
671 491 743 571 jure
761 493 892 571 antiquo
913 492 952 554 ab
975 492 1142 574 Episcopis

156 575 342 672 provincia,
357 589 405 650 vel
420 589 492 668 jure
516 589 731 651 Decretalium
754 608 784 660 a,
798 590 956 669 primariis
971 591 1096 654 clericis
1108 591 1141 652 in

158 688 248 764 urbe,
276 686 400 749 scilicet
423 704 441 746 a
469 686 640 748 canonicis.
669 687 768 766 Atqui
791 690 908 766 Papam
931 689 1050 768 eligunt
1071 693 1140 750 turn

156 785 307 865 Episcopi
325 784 431 858 vicini,
448 799 565 863 nempe
578 783 936 863 (terminales-Episcopi,
947 791 1015 846 tum
1030 785 1142 864 praeci·

157 883 213 963 pui
234 884 344 944 Romae
359 881 478 956 clerici,
499 897 616 959 nempe
629 881 998 962 cardinales-presbyteri
1019 890 1051 946 et
1075 883 1142 945 dia-

157 980 242 1044 coni.
259 983 339 1040 -20
357 979 442 1040 Nulli
456 979 570 1040 melius
588 978 734 1058 judicare
746 986 879 1058 possunt
892 981 993 1058 qualis
1007 998 1074 1044 esse
1087 983 1142 1043 de-

156 1078 230 1146 beat
244 1079 419 1158 eligendus,
436 1095 538 1156 quam
546 1077 737 1138 Pontificum
747 1077 920 1140 consiliarii
935 1085 966 1140 et
980 1079 1141 1157 adjutores

158 1175 212 1254 qui
237 1179 354 1237 statum
378 1175 532 1236 Ecclesiae
555 1180 759 1254 perspectum
782 1174 912 1236 habent.
940 1176 1036 1254 Atqui
1062 1177 1140 1237 tales

158 1277 231 1334 sunt
244 1273 437 1335 cardinales.
453 1285 495 1318 -·
507 1275 539 1333 3⁰
560 1273 694 1334 Accedit
715 1273 911 1353 experientia
926 1293 932 1334 :
945 1281 1061 1352 prater
1075 1275 1141 1335 sor·

156 1387 243 1432 mam
255 1387 274 1430 a
285 1371 519 1432 consultissima
537 1370 764 1433 constitutione
779 1371 951 1432 Alexandri
962 1371 1138 1445 inductam,

155 1468 243 1528 nulla
269 1467 434 1528 electionis
448 1467 668 1546 lormapotuit
689 1467 877 1546 morigere,
904 1484 1009 1547 neque
1030 1485 1140 1530 omnes

154 1568 223 1628 fere
244 1565 447 1626 dissidiorum
460 1581 570 1626 causas
583 1582 747 1627 removere
761 1585 768 1640 ;
783 1566 935 1644 pauciora
947 1583 1021 1628 vero
1043 1567 1142 1628 schis-

153 1668 244 1726 mata
258 1663 292 1723 in
305 1661 515 1724 electionibus
529 1666 599 1722 orta
610 1667 696 1735 sunt,
712 1663 858 1741 populari
870 1680 1027 1726 consensu
1037 1669 1068 1726 et
1081 1663 1141 1724 im-

155 1759 433 1842 perialiviolentia
446 1759 583 1820 feliciter
593 1759 734 1820 seclusis.

373 1943 419 1992 lll.
438 1967 469 1978 -
484 1939 556 1991 Ritus
572 1940 701 1992 electionis
714 1943 852 2003 pontificis
864 1941 911 2004 (2).

195 2087 239 2145 Ne
255 2083 413 2145 diuturnae
436 2081 606 2142 vacationis
633 2081 849 2144 incommodis
861 2083 1004 2146 Ecclesia
1018 2101 1141 2164 preme-

154 2187 252 2256 retur,
268 2181 318 2242 vel
334 2180 431 2242 etiam
454 2185 489 2240 ut
512 2179 628 2264 electio
642 2179 740 2240 libere
756 2185 789 2241 et
803 2186 889 2241 recte
908 2182 1009 2256 fieret,
1033 2182 1142 2244 Ponti-

153 2283 229 2342 fices
252 2279 351 2340 multa
374 2277 534 2356 sapienter
559 2279 737 2338 statuerunt
766 2277 805 2337 de
834 2278 999 2340 electionis
1023 2280 1141 2362 stapedi-

62 2449 66 2452 ,
154 2377 268 2454 mentis,
281 2374 510 2457 preparatione,
533 2371 645 2452 triplici
662 2371 745 2432 modo
760 2377 791 2433 et
804 2375 994 2437 conclusione.
1017 2378 1140 2440 Electio

153 2480 301 2536 accurate
317 2471 509 2534 describitur
521 2471 554 2530 in
566 2469 650 2532 libro
674 2470 726 2531 cui
745 2471 856 2533 titulus
871 2473 1078 2536 Cceremoniclc
1091 2495 1142 2535 roa

152 2590 248 2633 monce
274 2569 426 2643 Ecclesia,
451 2567 507 2629 ubi
530 2567 626 2629 etiam
645 2565 802 2630 habentur
823 2570 959 2632 laudatae
988 2571 1141 2633 constitu·

152 2670 267 2746 tiones,
288 2687 365 2748 quas
380 2667 557 2729 cardinales
566 2666 659 2728 initio
674 2667 834 2728 conclavis
846 2685 878 2727 se
894 2668 1065 2746 diligenter
1076 2685 1141 2730 ser-

151 2772 280 2829 vaturos
292 2767 474 2845 juramento
490 2763 690 2842 promittunt.

194 2865 219 2925 1.
242 2863 403 2924 Electionis
416 2861 632 2941 impedimento.
643 2859 841 2922 —Elcctores
854 2862 964 2942 repelli
977 2869 1140 2941 nequeunt

148 2963 213 3024 sub
228 2968 385 3041 praetextu
398 2962 530 3041 alicujus
545 2978 699 3023 censurae.

182 3129 219 3187 (t)
231 3126 294 3188 Gap.
306 3125 374 3174 Licet
383 3138 419 3184 vr,
427 3123 460 3174 de
473 3121 608 3174 Electtonc.

182 3207 218 3267 (tt
237 3204 433 3255 constitutiones
453 3203 526 3263 Greg.
547 3203 585 3261 x3
605 3201 631 3250 in
649 3202 754 3252 concilio
766 3205 926 3266 Lugdunensi
938 3206 960 3256 ll
981 3207 1138 3270 disciplinam
1207 3199 1212 3210 “

148 3284 279 3336 conclavis
290 3284 411 3332 institnit.
423 3309 451 3319 -
464 3282 577 3332 Clemens
587 3281 616 3340 V,
626 3281 652 3330 in
663 3281 766 3344 concilio
777 3283 917 3334 Viennensi.
930 3312 961 3324 ·—
976 3288 1089 3340 Glemona
1099 3292 1141 3352 vl,

147 3365 221 3415 Licet
235 3365 262 3414 tn
276 3359 459 3413 constitutione.
474 3385 504 3396 -
519 3361 557 3410 Pii
579 3359 621 3421 lv,
640 3361 666 3409 in
681 3359 823 3424 Etiqendic.
837 3390 867 3401 -
880 3365 952 3429 Greg.
966 3368 1020 3430 xv,
1039 3369 1141 3420 AEterpt

149 3445 250 3506 Patris,
268 3441 349 3494 Decet.
374 3469 404 3478 -
424 3441 517 3492 Urbani
527 3439 596 3506 vlu,
607 3437 642 3490 ad
662 3439 768 3492 Romani
782 3443 922 3509 Pontinos.
936 3473 966 3484 -
983 3447 1064 3502 Clem.
1081 3451 1140 3504 xli,

152 3523 317 3591 apostolatus
332 3522 456 3588 officinm.
