2588 4272
459 146 533 192 PARS
553 145 733 193 cunctatis.
1032 145 1084 192 tlt

28 337 30 342 Ι
107 263 145 324 de
164 264 356 326 auctoritate
379 265 472 344 hujus
495 264 694 326 collectionis
718 267 782 325 duo
803 270 876 327 sunt
898 264 1082 327 monenda:

25 511 27 560 l

143 363 170 422 l.
185 363 282 424 Juxta
294 379 499 423 communem
512 362 713 436 sententiam,
729 361 798 443 ipsa
812 362 961 424 collectio
973 367 1004 424 et
1018 366 1086 422 tex-

105 463 153 520 tus
167 459 201 519 in
215 476 252 520 ea
265 460 409 520 contenti
428 460 491 520 vim
514 459 594 538 legis
613 459 743 535 habent,
760 459 920 539 siquidem
939 458 1084 521 Pontifex

24 589 25 630 t
106 557 212 617 omnia
230 575 285 617 sua
307 558 393 632 iecit,
416 557 532 636 quibus
556 575 644 618 suam
663 559 885 620 auctoritatem
902 556 1085 638 impertitus

107 661 160 716 est.
178 655 389 734 Excipiuntur
402 672 449 728 ea,
468 655 583 732 quibus
598 657 683 734 leges
704 655 897 734 posteriores
919 656 1083 732 derogant.

142 755 171 814 2.
191 753 340 832 Antiquis
351 753 580 827 Decretalihus,
592 770 610 813 a
621 754 772 831 Gregorio
783 770 820 814 ex
835 753 992 814 industria
1005 770 1086 831 prae-

106 850 271 925 termissis,
288 850 334 911 vis
348 851 456 929 legum
472 851 759 913 ecclesiasticarum
772 853 913 912 detracta
926 850 995 924 luit,
1011 866 1084 912 oum

108 947 252 1008 Pontifex
268 963 320 1008 eas
335 948 418 1008 solas
431 948 611 1008 Decretales
626 947 836 1026 inposterum
855 947 960 1024 vigere
975 947 1085 1010 volue-

107 1045 159 1121 rit,
177 1063 250 1124 quae
265 1045 297 1104 in
310 1062 399 1106 suam
412 1045 637 1106 collectionem
648 1047 807 1108 translatae
820 1045 954 1106 fuerant.

143 1143 315 1222 Propterea
325 1143 550 1204 obsoleverunt
562 1143 702 1221 quinque
717 1143 904 1204 vetustiores
920 1141 1086 1206 collectio-

107 1259 170 1302 nes.
187 1243 335 1302 Attamen
346 1242 436 1302 valde
450 1241 544 1302 utiles
560 1246 633 1302 sunt
647 1242 686 1302 ad
703 1259 755 1303 eas
774 1242 954 1303 Decretoles
966 1229 1087 1304 intelli·
1136 1253 1141 1258 ·

107 1337 232 1415 gendes,
251 1355 292 1416 qu
335 1336 368 1396 in
381 1337 571 1398 collectione
585 1337 777 1416 Gregoriana
790 1343 929 1416 receptae
943 1338 1082 1398 luerunt.

108 1435 232 1496 Etenim
244 1354 459 1515 Rafmundus,
471 1452 510 1495 ex
520 1440 678 1514 potestate
689 1434 748 1496 sibi
759 1451 908 1496 concessa
919 1435 1085 1496 resecandi

109 1534 275 1612 superflua,
290 1534 443 1594 nonnulla
453 1532 556 1611 capita
568 1533 669 1610 quoad
678 1538 800 1611 partem
811 1532 994 1594 historicam
1005 1532 1085 1594 adeo

108 1631 262 1710 precidit,
281 1636 316 1692 ut
329 1648 365 1692 ea
385 1631 445 1692 rite
468 1629 591 1710 percipi
614 1635 784 1708 nequeant,
809 1629 870 1690 nisi
892 1629 924 1690 in
946 1629 1084 1708 antiquis

109 1728 348 1792 collectionibus
362 1729 519 1809 integram
533 1727 731 1790 Decretalem
745 1728 946 1806 perlegamus
958 1727 1013 1810 (l).

453 1981 674 2038 ARTIGULUS
693 1983 737 2038 lli

212 2163 310 2226 smus
324 2149 520 2220 antummum,
536 2165 722 2220 CLEMENTINAE,
737 2166 973 2208 existimamus.

145 2342 169 2401 l.
185 2339 297 2402 Seoetue
315 2337 523 2404 Decretoliam.
544 2371 584 2385 -
597 2340 778 2402 Bonifacius
798 2341 878 2416 Vlll,
896 2361 978 2404 anno
993 2346 1083 2413 l298.

111 2456 202 2517 opera
225 2439 324 2500 trium
345 2439 556 2500 cardinalium
581 2438 614 2498 in
637 2455 736 2498 unum
757 2439 905 2499 volumen
926 2441 1085 2520 congessit

109 2540 174 2595 turn
194 2553 291 2596 novas
312 2535 497 2610 decretales
518 2541 586 2596 tum
612 2552 747 2596 canones
769 2536 932 2614 utriusque
956 2539 1085 2600 concilii

109 2633 259 2711 generalis
272 2632 502 2711 Lugdunensis.
516 2634 577 2694 Istc
598 2633 699 2693 codex
714 2637 844 2692 vocatur
855 2631 967 2693 Sextus
980 2633 1086 2696 Deme·

110 2731 220 2805 talium,
244 2730 329 2790 velut
353 2728 512 2807 appendix
534 2733 566 2790 et
590 2729 862 2806 complementum
885 2729 1084 2793 collectionis

111 2827 317 2906 Gregorianae,
331 2843 368 2887 ao
382 2825 518 2886 totidem
531 2826 620 2886 libris
634 2829 769 2888 constat.

147 2925 194 2986 Ab
218 2926 289 3003 ipso
312 2922 478 2984 Bonisacio
502 2923 694 3004 publicatus,
723 2928 754 2984 et
779 2923 874 3003 legali
898 2923 1084 2987 auctoritate

111 3023 247 3084 munitus
263 3025 321 3082 est.

145 3118 192 3182 ll.'
212 3117 411 3181 Clementiae.
427 3152 467 3164 -
487 3119 631 3180 Clemens
653 3119 691 3192 V,
719 3118 837 3196 partim
856 3135 893 3180 ex
908 3120 1084 3182 canonibus

111 3218 235 3280 concilii
250 3216 438 3280 Viennensis
453 3217 505 3278 cui
517 3215 655 3294 praeluit,
672 3215 787 3294 partim
800 3233 838 3278 ex
850 3215 914 3278 suis
929 3218 1082 3298 epistolis,

110 3314 338 3378 conficiendam
352 3315 473 3376 curavit
484 3315 579 3380 aliam
590 3312 826 3390 collectionem,
842 3315 955 3377 eodem
970 3316 1084 3380 ordine

140 3499 173 3562 (t)
184 3499 276 3562 chlic.
289 3497 456 3549 Precationee
469 3498 496 3549 in
502 3498 551 3564 jue
559 3496 761 3560 ecclesiasticum,
773 3509 829 3564 cap.
842 3513 880 3552 ιιι.
