2620 4258
209 273 259 320 tel
360 273 518 320 EXPOSITIO
540 272 719 318 Msrflomcl
740 274 823 318 Jllltls
846 274 1002 320 canoaldi.

208 392 359 453 minatur.
385 393 464 452 Nam
487 391 551 454 hoc
577 391 648 469 ipso
669 393 754 470 quod
783 392 925 455 vicarius
954 381 1184 465 constituatur,

209 491 312 552 eidem
327 491 481 568 competit
489 488 669 569 jurisdictio
685 490 847 552 moraliter
860 490 1055 552 universalis.

247 587 361 670 Regula
370 592 412 650 3¹.
428 586 620 651 -Vioarius
634 589 789 666 generalis
800 589 1056 668 jurisdictionem
1067 595 1188 667 genot-

207 681 274 742 la‘ter
308 685 451 756 exercet3
482 680 514 741 id
549 688 607 755 est,
644 682 685 742 ad
711 681 897 744 vicariatum
924 682 1106 761 generalem
1139 697 1188 742 re-

208 773 343 852 quiritur
352 774 582 854 utgeneralitas
591 775 737 834 locorum
748 781 780 836 et
791 793 958 838 causarum
968 775 1028 853 ipsi
1039 771 1187 840 commit·

207 876 301 934 tatur.
319 871 474 952 Equidem
486 889 551 932 non
562 872 740 933 necessaria
755 877 803 934 est
810 872 1042 952 jurisdictionis
1057 871 1186 933 univer-

207 969 312 1031 salitas
323 970 466 1032 absoluta
481 987 552 1048 quae
563 971 683 1030 nullam
692 969 1057 1051 patiturexoeptionem3
1069 966 1187 1030 suflicit

206 1084 279 1129 vero
293 1065 506 1128 universalitas
520 1066 683 1139 moraliter
695 1073 822 1146 sumpta
834 1086 906 1146 quae
919 1067 1038 1146 aliquas
1050 1081 1186 1126 reserva-

206 1162 309 1224 tiones
321 1157 425 1241 quoad
443 1164 514 1224 loca
527 1169 559 1224 et
569 1180 679 1224 causas
692 1163 844 1230 admittit·
1021 1167 1024 1173 ’

246 1257 360 1338 Regulo
377 1263 420 1320 4¹.
446 1291 487 1305 —
512 1260 659 1322 Ollloium
676 1260 789 1322 vicarii
816 1257 970 1340 generalis
995 1256 1185 1320 determinat

208 1355 380 1417 essentialis
403 1357 457 1418 illa
480 1358 670 1436 proprietas,
692 1359 814 1420 seilicet
831 1360 917 1437 quod
940 1365 1053 1418 actosa
1071 1355 1184 1416 idioma

206 1461 299 1530 gestos
321 1452 484 1534 Episcopus
506 1453 599 1534 faeiat
618 1474 684 1516 suos
699 1455 804 1536 quoad
811 1455 896 1536 juris
913 1454 1038 1534 effeetus.
1057 1451 1183 1514 Etenim

207 1554 329 1612 certum
344 1557 390 1612 est
400 1552 776 1633 vicariumgeneralema
789 1569 876 1616 mere
890 1554 1036 1632 delegato
1045 1550 1183 1625 differre,

206 1645 363 1724 siquidem
376 1648 519 1712 vicarius
532 1650 697 1714 constitnit
711 1651 798 1712 idem
813 1669 884 1713 curn
910 1650 1070 1728 Episcopo
1084 1646 1185 1708 trihu·

206 1732 268 1816 nal,
284 1749 316 1806 et
324 1744 363 1806 ah
377 1743 448 1824 ipso
462 1748 502 1808 ad
517 1747 711 1826 Episcopum
732 1766 795 1810 non
807 1748 996 1826 appellatur.
1011 1742 1110 1822 Atqui
1124 1742 1184 1802 nisi

205 1843 294 1900 actus
308 1840 391 1902 illius
405 1841 601 1904 haberentur
615 1850 767 1922 tanquam
779 1845 819 1906 ab
834 1845 992 1923 Episcopo
1005 1841 1102 1922 gesti,
1116 1839 1182 1918 ipse

204 1952 268 1995 non
283 1935 453 1998 differreta
468 1940 624 2018 delegato,
640 1941 799 2002 diversum
814 1947 895 2004 esset
908 1941 1049 2004 tribunal
1063 1941 1182 2000 Praesu-

89 2063 91 2068 ·
204 2029 242 2090 lis
254 2035 285 2091 et
297 2030 422 2105 vicarii,
438 2050 541 2110 neque
556 2036 685 2096 daretur
700 2037 781 2098 ratio
792 2055 878 2100 cura
895 2035 1051 2099 sententia
1066 2031 1182 2096 Vicarii

171 2167 172 2170 ,
205 2127 244 2186 ad
257 2125 449 2204 Episcopum
462 2147 528 2190 non
540 2133 765 2210 appellaretur.

243 2223 358 2302 Regula
371 2228 413 2287 δ’..
431 2259 469 2272 -
485 2227 615 2307 Expirat
636 2229 751 2290 Vicarii
772 2229 952 2308 jurisdictio
969 2227 1072 2290 tribus
1097 2243 1178 2304 prae-

204 2319 313 2380 sertim
338 2321 441 2384 modis
466 2344 473 2385 :
494 2327 595 2406 pralon
620 2345 678 2405 per
704 2329 955 2403 revocationem3
976 2323 1099 2387 seeundo
1124 2340 1179 2402 per

202 2418 485 2497 renuntiationem
503 2424 588 2485 tertio
611 2443 668 2504 per
682 2425 830 2504 Episcopi
845 2429 983 2487 mortem
1005 2429 1059 2486 aut
1079 2429 1181 2484 trans·

203 2510 364 2577 lationem.

242 2609 404 2692 Requlati‘.
416 2647 456 2660 -
468 2617 643 2679 vicariatus
653 2617 808 2696 generalis
823 2637 889 2680 non
902 2625 949 2681 est
959 2619 1070 2681 titulus
1081 2615 1178 2678 bene·

202 2708 323 2784 finialis,
345 2729 419 2773 cum
438 2731 502 2774 non
525 2715 565 2776 sit
587 2721 769 2794 perpetuus.
799 2719 950 2778 Attamen
964 2734 1057 2778 sensu
1072 2714 1178 2775 minus

202 2806 313 2867 stricto
325 2813 373 2869 cst
389 2809 536 2887 dignitas,
561 2817 715 2890 quatenus
729 2811 825 2874 habet
838 2813 1089 2891 praecedentiam
1105 2827 1179 2873 cum

197 2899 431 2978 jurisdictione.
456 2909 575 2970 Verum
594 2910 727 2972 inferior
743 2911 882 2988 capitulo
902 2915 1049 2972 censetur
1064 2909 1118 2992 (l).

240 2999 277 3060 ll.
295 2997 445 3080 objectum
454 3007 607 3084 potestatis
628 3007 808 3068 Vicnriorarm
821 3007 1014 3088 peroeralium.

240 3093 354 3175 Reputo
368 3101 410 3161 1³.
427 3133 467 3146 -
481 3102 621 3164 vicarius
634 3109 739 3184 potest
763 3104 939 3182 generatim
963 3104 1118 3184 expedire
1126 3121 1179 3165 ne·

200 3190 384 3270 gestaque
409 3197 448 3258 ad
468 3198 724 3277 jurisdictionem
747 3202 960 3280 episcopalem
982 3201 1179 3262 ordinariam

200 3286 368 3365 pertinent,
395 3295 535 3372 exceptis
549 3295 587 3356 iis
602 3315 673 3375 quac
695 3297 746 3375 jus
771 3303 903 3376 excepta
921 3313 987 3358 esse
1003 3297 1116 3374 voluit,
1129 3299 1178 3359 vel

200 3379 375 3460 Episcopus
387 3393 535 3465 expresse
547 3391 607 3453 sihi
620 3394 796 3456 reservavit.
812 3395 904 3456 Ratio
919 3400 976 3469 est,
994 3381 1178 3473 quia'Viea·

231 3573 266 3634 (ll
279 3577 424 3643 Gardellinl,
436 3586 543 3638 Decreta
553 3592 695 3643 authentico
709 3593 920 3668 Congrepote'onls
932 3595 1045 3645 Riluum.
