2630 4250
464 134 538 181 PARS
559 133 723 180 spectatis·
1025 134 1076 186 ΗΘ

98 248 250 312 oneribus
267 249 487 332 personalibus
502 251 595 314 statui
608 251 747 314 clericali
766 253 870 315 minus
889 255 1079 317 convenien-

98 348 199 410 tibus.
224 349 383 414 Nimirum
409 350 549 431 exempti
567 356 640 412 sunt
666 369 684 413 a
704 350 827 426 militia,
856 353 1080 415 amuneribus

97 445 240 526 publicis
252 447 424 512 curialibus
447 453 479 510 et
500 449 759 528 municipalibus,
784 449 824 512 ab
846 449 996 513 oneribus
1016 469 1083 512 sor-

103 545 201 606 didis.

144 645 211 705 Hoc
220 642 421 726 privilegium
432 643 537 706 divina
551 643 753 707 ordinatione
768 644 801 705 in
812 645 944 708 clericos
959 663 1084 725 proma·

101 745 169 816 nat,
186 745 255 803 tum
266 741 300 802 in
315 759 352 803 eo
368 742 454 821 quod
471 741 609 822 dignitas
625 747 724 804 status
738 742 896 804 clericalis
918 744 996 805 illud
1015 762 1085 824 pos

56 827 60 833 ’
102 839 195 913 tulet,
218 843 285 901 tum
295 839 329 899 in
343 856 381 902 eo
393 840 479 918 quod
494 837 646 901 Ecclesiae
656 843 821 918 competat
838 843 980 918 potestas
1002 839 1087 902 ordi·

103 936 205 997 nandi
243 943 334 1016 aptos
369 936 534 1015 religionis
567 937 741 1016 ministros,
785 955 903 1018 eosque
933 943 1087 1018 tanquam

105 1033 222 1096 divinis
234 1029 418 1096 ministeriis
440 1033 604 1096 dedicatos
620 1052 639 1095 a
655 1035 791 1114 negotiis
809 1035 1014 1098 saecularibus
1039 1052 1089 1098 se·

106 1131 272 1213 gregandi.
612 1145 613 1148 ’

149 1228 404 1309 limburgicam
426 1227 488 1310 fori
508 1229 542 1289 in
565 1246 603 1291 eo
618 1230 775 1307 consistit,
797 1234 833 1292 ut
855 1247 951 1294 nemo
967 1248 1025 1310 per
1053 1246 1087 1291 se

108 1326 211 1407 possit
222 1343 391 1406 personam
407 1327 673 1404 ecclesiasticam,
689 1329 793 1406 quoad
813 1345 921 1390 causas
943 1327 1090 1390 crimina-

106 1427 156 1490 les
168 1425 216 1486 vel
232 1425 328 1486 etiam
346 1425 464 1500 civiles
481 1426 521 1486 ad
530 1425 689 1504 judicium
702 1427 854 1487 saeculare
865 1426 1089 1488 trahererHaec

108 1523 310 1600 immunitas,
326 1541 388 1602 qua
402 1523 511 1584 clerici
524 1523 617 1602 potiti
631 1529 703 1600 sunt
716 1523 772 1584 ubi
786 1524 924 1603 primum
936 1523 1089 1598 Ecclesia,

110 1622 230 1684 sedatis
252 1622 512 1700 persecutionum
536 1622 696 1700 procellis,
724 1621 910 1684 christianos
931 1621 1092 1702 principes

111 1726 205 1782 nacta
217 1725 275 1796 est,
288 1719 553 1800 subsequentibus
567 1721 692 1782 saeculis
703 1721 890 1784 confirmata
904 1721 979 1797 fuit;
996 1719 1091 1782 hodie

12 1853 17 1862 ·
111 1837 187 1882 roro
199 1818 294 1880 variis
307 1818 410 1879 modis
426 1823 603 1880 coercetur.

152 1920 221 1991 Qua
238 1916 359 1980 ratione
370 1917 537 1978 inductum
553 1917 647 1979 luerit
657 1917 740 1980 istud
754 1915 978 1996 privilegium?
991 1919 1093 1978 lnler·

111 2021 212 2078 estut
229 2015 341 2094 religio
363 2031 451 2075 suam
475 2031 605 2076 omnem
618 2015 683 2076 vim
699 2019 821 2088 exerat3
849 2015 937 2094 atqui
958 2033 1024 2076 non
1040 2033 1094 2094 po·

112 2119 178 2177 test
198 2129 290 2174 suum
318 2101 489 2191 imperium
515 2113 679 2189 exercere,
706 2112 765 2173 nisi
797 2112 943 2192 dignitati
973 2111 1094 2174 ordinis

114 2209 324 2276 ecclesiastici
343 2210 480 2272 maxime
496 2211 688 2272 consulatur.
714 2210 776 2272 Sed
791 2209 905 2272 honori
929 2210 1097 2272 ecclesias-

113 2311 182 2374 tico
195 2327 261 2372 non
276 2308 509 2384 consulitur„si
534 2307 643 2369 clerici
668 2305 947 2369 indiscriminatim
968 2307 1093 2370 trahan-

114 2415 169 2472 tur
182 2409 220 2469 ad
234 2408 358 2487 judices
381 2407 488 2469 laicos.
520 2407 597 2468 Haec
617 2405 692 2481 duo,
710 2405 841 2484 justitiae
862 2405 934 2484 jura
954 2410 986 2466 et
1008 2407 1095 2466 clero

116 2494 246 2569 debitus
256 2506 369 2581 honor,
385 2504 607 2580 conciliantur,
625 2503 707 2564 sirei
723 2501 833 2564 clerici
849 2501 913 2562 suis
930 2501 1096 2562 tradantur
1196 2512 1200 2521 ·

117 2605 263 2668 Praelatis
278 2603 457 2684 judicandi.

158 2704 295 2778 Quinam
309 2703 511 2782 exemptione
525 2697 709 2780 hujusmodi
724 2695 903 2776 gaudeant?
917 2697 1011 2756 -llx
1025 2712 1099 2757 oon-

117 2805 195 2867 cilio
210 2801 398 2864 Tridentino
419 2798 472 2880 (l),
500 2800 635 2861 clericus
665 2797 768 2876 prima
790 2801 922 2858 tonsura
943 2793 1097 2867 initiatus,

117 2907 175 2964 aut
190 2901 287 2964 etiam
298 2900 332 2962 in
344 2897 521 2960 minoribus
537 2895 703 2958 ordinibus
717 2893 920 2969 constitutur,
951 2891 1011 2953 fori
1036 2891 1102 2968 pri-

117 2999 237 3080 vilegio
249 3017 315 3060 non
325 2996 452 3076 gaudet,
474 3016 488 3052 o
498 2993 560 3054 nisi
586 2992 779 3054 beneficium
801 2991 927 3065 habeat,
943 2994 997 3051 aut
1011 2987 1103 3050 cleri-

120 3104 231 3162 catum
246 3095 392 3158 habitum
408 3098 439 3154 et
451 3097 615 3154 tonsuram
629 3091 774 3151 deferens
788 3089 883 3164 alicui
905 3087 1048 3150 ccclesiae
1063 3105 1101 3148 ex

119 3196 274 3258 mandato
284 3191 426 3272 episcopi
438 3188 598 3262 inserviat,
607 3189 656 3248 vel
672 3187 705 3248 iu
718 3186 891 3247 seminario
899 3185 1102 3260 clericorum,

117 3293 216 3376 quasi
231 3293 265 3354 in
281 3292 332 3354 via
340 3290 380 3352 ad
389 3287 526 3367 majores
537 3285 666 3347 ordines
676 3283 908 3362 suscipiendos,
922 3288 1072 3346 versetur.
1085 3303 1100 3342 ι

156 3493 191 3554 (1)
205 3491 279 3542 Cone.
296 3489 375 3550 Trid,
388 3501 449 3538 sess.
461 3486 553 3546 xxlll,
566 3499 621 3548 cap.
633 3498 668 3546 ur,
683 3485 718 3534 Dc
728 3483 835 3550 reform.
