2604 4270
434 299 508 346 rans
529 299 709 347 arsamus.
987 363 989 367 ¹
1025 304 1058 352 ar

122 413 220 494 Igitur
241 404 421 492 subjectum
443 416 608 492 potestatis
630 417 856 494 ecclesiasticae
886 423 933 482 est
959 421 1059 483 colle·

88 512 169 591 glum
178 512 522 592 Petro-Apostolicum‚
534 515 733 578 cuisuccedit
743 533 858 595 corpus
867 517 1059 597 episcopale.

88 611 306 688 Apostolieum
321 627 394 672 vero
408 611 579 691 collegium
588 613 769 676 necessario
782 615 911 676 Petrum
925 613 1063 676 includit

87 713 235 788 tanquam
247 713 344 788 caput
358 709 510 772 Ecclesiae
528 715 561 772 el
573 716 719 774 centrum
732 712 877 776 unitatis.

163 897 280 956 Qonsrm
292 899 332 947 ta,
341 923 371 934 —
384 899 466 948 Naxos
476 911 550 950 iures
560 901 692 949 Parnason
707 913 738 949 rr
751 902 921 950 Errscomrun
932 899 975 962 (1).

124 1053 149 1114 l.
167 1050 270 1114 Ueritas
289 1052 485 1134 Episcopatus
506 1054 537 1114 t'n
548 1045 697 1120 Ecclesia
714 1089 754 1103 -
766 1055 912 1129 Quamvis
924 1059 1063 1135 potestas

88 1151 119 1212 in
133 1151 229 1212 Petro
250 1155 282 1212 et
296 1152 458 1230 Apostolis
480 1151 623 1216 instituta
637 1155 780 1216 videatur
799 1155 832 1215 in
848 1151 968 1233 duplici
992 1153 1065 1217 sub-

87 1248 169 1328 jecto
183 1248 335 1322 residere,
354 1248 417 1310 sive
432 1249 633 1329 singulariter
660 1252 694 1312 in
709 1253 840 1329 ‚vicario
855 1244 982 1327 Christi,
1002 1253 1064 1313 sive

89 1345 296 1426 collegialiter
311 1346 344 1406 in
359 1363 494 1424 corpore
507 1349 739 1427 Episcoporum
753 1349 901 1410 Pontifici
913 1349 1066 1428 conjunc·

90 1448 204 1520 torum,
219 1450 329 1506 tamen
344 1445 553 1525 Episcopatus
572 1464 652 1506 nnus
668 1451 716 1508 est
731 1445 790 1507 sub
808 1447 979 1525 multiplici
994 1465 1061 1508 res·

93 1549 196 1624 pactu,
214 1543 241 1604 si
256 1547 417 1622 spectetur
431 1544 536 1622 quoad
550 1547 741 1622 potestatem
751 1544 900 1622 pascendi
916 1561 973 1622 per
987 1544 1066 1607 doc·

88 1643 204 1704 trinam
218 1647 249 1704 et
263 1642 393 1720 regendi
408 1660 466 1722 per
481 1643 578 1721 leges.

125 1744 154 1802 l.
174 1739 266 1820 Oriqo
289 1739 384 1818 hujus
405 1739 572 1818 potestatis
595 1756 613 1799 a
636 1739 730 1800 Petro
752 1739 928 1817 repetenda
952 1743 1010 1813 est,
1032 1739 1069 1816 iu,

89 1855 184 1918 quem
212 1837 354 1900 Christus
381 1837 614 1916 plenitudinem
636 1837 801 1916 potestatis
826 1835 859 1896 in
891 1837 1087 1898 Ecclesiam¹

89 1943 160 1999 ante
189 1937 335 2011 contulit,
354 1953 450 2017 quam
468 1936 501 1996 iu
517 1935 688 2014 Apostolos
701 1935 875 2014 quidquam
891 1935 1061 2000 derivaret.

89 2035 121 2096 Si
137 2035 267 2114 plenam
283 2039 473 2114 potestatem
488 2039 581 2095 antea
595 2033 706 2094 alludit
720 2032 754 2092 in
772 2034 911 2107 Petrum,
928 2049 993 2094 non
1009 2053 1067 2112 po-

89 2138 170 2194 terat
191 2133 368 2213 quidquam
389 2132 423 2192 in
436 2132 515 2194 alios
529 2133 697 2212 Apostolos
720 2132 864 2194 conferre
887 2131 989 2207 aliter,
1005 2133 1065 2192 nisi

89 2233 266 2294 derivando
281 2249 319 2293 ex
334 2229 532 2311 plenitudine
555 2231 589 2290 in
605 2233 734 2292 Petrum
752 2231 875 2291 collata.
895 2231 1067 2309 Propterea

91 2331 121 2392 S.
136 2330 313 2410 Cyprianus
332 2327 433 2389 dicit:
455 2347 469 2384 u
482 2329 518 2388 ln
537 2327 631 2388 Petro
652 2325 804 2387 Dominus
825 2315 1068 2408 unitatis'origi-

87 2445 163 2490 nem
181 2426 332 2500 instituit;
345 2425 555 2503 Episcopatus
566 2442 647 2485 unus
660 2428 706 2484 est
715 2447 729 2480 r
746 2424 780 2484 in
789 2424 895 2486 radice
909 2426 1064 2504 etcapite‚

88 2542 208 2604 nempe
222 2525 257 2584 in
270 2526 366 2585 Petro
380 2521 511 2602 ejusque
525 2519 760 2584 successoribus
776 2522 829 2602 (E).

21 2695 22 2700 ἵ
111 2618 1066 2702 2.Equidemsupremapotestasecclesiastieaduplicimodo

21 2715 22 2734 *
89 2727 269 2800 exercetur,
295 2721 358 2782 sive
379 2721 553 2781 altomano
573 2717 725 2779 Pontifice
740 2717 791 2779 cui
805 2719 978 2782 assentiunt
991 2720 1066 2799 Epi-

21 2833 22 2890 ]
85 2819 192 2900 scopi,
211 2818 276 2880 sive
298 2801 469 2880 aconcilio
484 2815 621 2896 generali
647 2816 699 2878 cui
721 2817 844 2878 accedit
865 2819 1064 2882 confirmatio

86 2918 213 2979 Summi
224 2915 398 2978 Pontifiois.
417 2917 564 2976 Attamen
577 2914 733 2994 ejusmodi
746 2920 884 2994 potestas
899 2917 991 2978 unica
1004 2921 1060 2992 θεῖς

85 3016 211 3078 etenim
224 3017 335 3078 Petrus
349 3031 404 3075 seu
416 3013 500 3074 illius
521 3030 685 3075 successor
699 3015 735 3075 R.
753 3014 898 3074 Pontifex
912 3019 1063 3094 tanquam
1112 3025 1113 3029 ’

83 3131 157 3192 pars
190 3112 363 3183 essentialis
386 3111 535 3174 Ecclesia
559 3112 696 3192 regentis
720 3111 828 3172 haberi
853 3111 969 3187 debet,
993 3118 1062 3179 tum

86 3214 163 3291 quia
189 3212 331 3275 Christus
357 3209 419 3290 ipsi
433 3210 492 3272 soli
516 3227 698 3289 supremam
711 3213 899 3287 potestatem
921 3210 1061 3288 primum

86 3310 236 3387 contulit,
257 3310 321 3372 sive
339 3309 413 3388 quia
428 3309 570 3371 Ecclesia
586 3325 697 3386 regens
719 3324 783 3368 non
800 3307 980 3388 concipitur
994 3311 1061 3372 sine

112 3499 147 3564 (l)
162 3497 291 3556 Bollarini,
306 3497 411 3547 Deotet
421 3498 521 3549 ratione
533 3497 661 3548 Primulos
672 3495 702 3547 li.
721 3493 861 3561 Pontificio,
877 3511 935 3559 cap·
955 3511 992 3548 nr.

111 3579 150 3642 (2)
166 3579 193 3628 S.
220 3579 371 3640 Cyprianus,
388 3578 436 3628 lib.
463 3580 500 3628 De
514 3578 610 3627 onitate
631 3575 758 3626 scelesto.
785 3577 1011 3640 -nssellarmiuus,
1027 3579 1060 3628 De

84 3655 192 3705 llomono
204 3657 332 3720 Poatrfire,
348 3657 394 3708 lib.
412 3655 444 3718 11,
458 3671 514 3719 cap.
535 3667 589 3707 rm.
884 3672 885 3675 ¹

203 3754 227 3800 10
945 3751 958 3795 8
