2588 4272
458 177 530 226 PARS
551 176 730 226 sursulus.
1042 176 1076 222 te

104 301 171 356 tum
185 310 244 372 per
258 294 429 372 specialem
451 293 646 356 mentionem
661 312 669 356 :
693 315 707 350 n
719 293 787 356 Non
808 293 938 356 obstante
951 292 1079 374 quolibet

107 389 322 468 consuetudine,
352 392 439 452 etiam
465 391 678 454 immemor-ioli.
694 414 708 450 »
732 394 794 454 Ista
817 391 1013 454 consuetudo
1029 396 1080 452 est

105 489 311 569 privilegiata,
327 507 400 549 nam
410 507 468 568 pro
481 490 534 552 illa
548 489 752 569 praesumitur
767 489 877 552 titulus
892 507 955 568 quo
965 489 1080 550 melior

107 587 234 664 allegari
249 604 316 647 non
326 591 440 666 potest.

145 683 197 745 ΙΙΙ.
212 681 275 743 Per
300 682 390 763 lepore
410 681 589 746 anteriorem
603 685 724 746 futuras
743 685 988 746 consuetudines
1005 701 1078 746 cou-

104 780 216 842 trarias
227 781 470 860 prohibentem;
484 801 511 843 v.
525 801 554 860 g.
569 799 626 860 per
636 783 739 860 legem
747 799 809 862 qua
820 781 894 842 Pius
906 783 947 844 IV
958 782 1075 858 statuit,

105 879 233 940 decreta
246 870 378 952 concilii
394 879 571 942 Tridentini
581 879 713 940 valitura
728 896 796 940 esse
819 885 930 941 contra
944 896 1077 942 consue·

103 976 232 1038 tudines
251 994 322 1054 quae
337 977 370 1036 in
385 977 526 1038 futurum
540 977 778 1038 inducerentur.

145 1075 260 1134 Contra
275 1075 458 1153 hujusmodi
477 1077 561 1154 leges
577 1075 773 1136 consuetudo
789 1074 918 1138 difficile
938 1075 1079 1156 praescri-

102 1169 152 1232 bit
168 1175 300 1250 propter
313 1172 473 1251 triplicem
488 1172 644 1234 rationem
661 1192 668 1232 :

145 1269 273 1330 Primo:
288 1270 406 1331 subditi
422 1269 614 1349 obligatione
628 1269 779 1332 strictiori
794 1273 941 1334 tenentur
955 1271 995 1332 ad
1008 1285 1080 1332 cou-

5 1431 8 1436 ,
103 1367 308 1428 suetudinem
326 1385 391 1429 nou
406 1367 630 1430 inducendam.

143 1465 293 1527 Secundo
308 1483 315 1525 :
331 1464 364 1525 in
378 1465 487 1550 dubie,
503 1465 564 1528 ista
576 1465 775 1528 consuetudo
789 1469 937 1528 censetur
951 1464 1079 1526 irratio·

103 1561 230 1624 nabilis.
667 1617 676 1638 ,
856 1555 858 1560 ’

144 1661 271 1722 Tertio:
284 1661 439 1736 Pontifex,
447 1663 554 1742 legum
561 1661 1081 1737 Tridentinarumcustos,consue-

103 1757 269 1821 tudinibus
288 1760 454 1822 contrariis
476 1777 541 1822 non
558 1759 726 1835 consentit,
754 1760 814 1821 nisi
835 1758 1080 1823 circumstantia

103 1862 278 1920 mutentur.
1035 1849 1042 1884 ¹
1092 1920 1093 1924 ,

459 1992 678 2048 ARTICULUS
696 1994 725 2048 11

328 2129 414 2192 vaura
431 2153 513 2194 Lucus
531 2154 645 2194 usrrorm
658 2154 854 2196 aucronuarrs.

142 2259 281 2384 lfbeges
291 2305 453 2384 generales
468 2324 475 2366 :

142 2440 170 2492 l.
185 2436 408 2493 Constitutiones
423 2435 609 2492 Pontificum.

139 2527 169 2580 2.
182 2522 311 2579 Canones
325 2523 533 2579 Consiliorum.

143 2675 183 2735 ll.
198 2677 296 2752 Leges
313 2674 516 2752 particulares
536 2693 543 2735 :

143 2809 230 2874 l.‚Jus
242 2808 399 2866 nationale.

144 2899 171 2952 2.
185 2897 232 2952 lus
246 2895 433 2969 provinciale.

145 2987 171 3040 3.
185 2985 232 3040 lus
246 2984 456 3042 dioecesanum.

148 3125 243 3204 Leges
256 3125 490 3202 ecclesiasticae,
499 3126 621 3188 ratione
629 3125 827 3188 auctoritatis
836 3123 987 3202 ipsarum,
1000 3122 1080 3185 divi-

108 3221 225 3282 duntur
235 3222 267 3282 in
279 3223 469 3302 pepercisset
481 3223 684 3304 particulares.
704 3223 720 3284 J
724 3239 759 3282 us
773 3237 942 3282 commune
955 3225 1078 3283 constat

110 3318 173 3378 sive
186 3321 377 3381 Pontificum
392 3319 684 3394 constitutionibus,
710 3318 773 3379 sive
788 3318 1002 3380 conciliorum
1022 3335 1078 3397 ge-

109 3416 261 3477 neralium
290 3417 474 3479 canonibus.
502 3418 629 3479 Etenim
653 3415 832 3496 jurisdictio
866 3415 1078 3478 ecclesiastica

111 3510 250 3576 imitatur
259 3515 311 3594 jus
326 3515 468 3578 divinum
483 3515 584 3579 :sicut
601 3515 741 3579 Christus
755 3513 893 3576 instituit
904 3513 1076 3592 primatum
