2588 4272
441 272 514 318 PARS
536 273 716 320 enitentem.
1009 278 1061 326 188

82 389 203 468 vidam,
216 409 288 470 quae
302 391 388 452 nulla
396 396 487 472 egeat
499 391 772 472 interpretatione.
786 394 878 472 Saepe
890 400 1064 458 nascuntur

83 488 310 568 ambiguitates
324 491 373 550 vel
387 489 494 566 dubia,
511 494 581 552 tum
596 490 670 570 quia
684 490 768 569 leges
783 490 891 570 paucis
911 509 948 554 ao
972 509 1065 572 gene·

83 587 206 649 salibus
228 587 332 649 verbis
355 588 519 661 feruntur,
551 591 620 649 tum
647 587 721 668 quia
747 588 781 648 in
799 605 906 649 earum
926 590 1066 670 applica·

87 686 174 747 tione
188 685 228 746 ad
244 685 419 764 peculiares
434 702 523 746 casus
542 684 687 746 oriuntur
703 685 917 762 difficultates
934 693 1066 768 propter

87 801 166 862 quas
178 782 347 862 explicatio
360 783 437 861 legis
450 782 636 862 requiritur.

129 883 277 943 Jamvero
290 881 452 960 legislator
467 898 531 943 non
549 897 675 958 semper
686 880 808 942 oonsuli
821 885 927 960 potest
941 901 949 956 ;
963 899 1060 961 prop-

85 985 175 1042 terea
189 979 404 1040 necessarium
422 985 500 1055 erat,
524 984 560 1042 ut
588 977 719 1057 privatis
739 979 851 1042 liceret
868 980 971 1060 legem
992 979 1069 1041 doo-

88 1077 457 1156 trinaliterinterpretari
471 1076 523 1158 (1).

128 1175 166 1239 ΙΙ.
190 1173 349 1256 Multiplee
369 1193 459 1256 penus
479 1175 649 1258 repuleram
671 1174 879 1238 doctrinalivm
902 1173 1069 1256 distingui-

89 1279 152 1336 tur.
775 1331 777 1336 .

129 1374 159 1434 l.
180 1372 251 1450 Ipsa
277 1370 497 1450 interpretatio
518 1371 702 1432 doctrinalis
729 1371 881 1434 dividitur
900 1371 932 1432 in
953 1368 1070 1450 simpli-

90 1489 149 1530 cem
166 1486 223 1530 seu
238 1469 471 1544 declarativam,
488 1469 667 1530 ostensivum
687 1473 719 1531 et
741 1469 954 1532 restrictivom.
973 1469 1072 1530 Inter·

91 1568 229 1648 pretatio
253 1565 379 1648 simplae
404 1571 546 1628 mentem
564 1567 753 1644 legislatoris
781 1566 958 1646 assequitur
985 1581 1072 1627 mera

93 1665 291 1745 expositione
308 1663 478 1725 verborum
490 1663 588 1742 legis;
602 1665 676 1726 ideo
692 1664 810 1726 dicitur
822 1663 1011 1727 declarativa.

130 1762 357 1841 Interpretatio
383 1762 534 1822 extensive
563 1762 667 1838 legem
690 1762 842 1838 extendit,
859 1761 900 1824 ob
924 1761 1074 1824 identita-

93 1866 158 1924 tem
181 1860 322 1933 rationis‚
346 1859 385 1920 ad
417 1876 590 1939 personam
614 1861 661 1921 vel
686 1877 795 1922 casum
812 1857 915 1921 verbis
942 1859 1073 1938 quidem

93 1977 158 2020 non
182 1975 377 2038 expressum,
397 1963 506 2020 mente
527 1963 635 2021 tamen
653 1958 842 2038 legislatoris
864 1957 1074 2039 comprehen-

96 2075 179 2119 sum.

133 2155 358 2234 interpretatio
372 2155 550 2231 restrictiva,
568 2173 639 2234 quae
661 2160 792 2216 vocatur
812 2153 944 2236 Epikeio
965 2154 1075 2235 (aequi-

93 2254 166 2332 tas),
197 2253 334 2332 benigne
358 2257 390 2315 ct
409 2270 446 2314 ex
474 2271 567 2331 aequo
592 2253 732 2314 declarat
755 2251 797 2312 ob
821 2253 1075 2314 circumstantias

94 2369 203 2414 casum
230 2351 454 2430 particularem
465 2351 499 2410 iu
523 2351 592 2428 lege
616 2349 693 2410 alias
715 2349 883 2412 universali
908 2368 946 2413 ex
969 2357 1076 2415 mente

95 2449 285 2529 legislatoris
296 2466 362 2510 non
372 2447 529 2510 contineri
542 2446 596 2527 (1).

135 2551 167 2610 1.
185 2549 227 2610 Ut
240 2552 330 2608 recta
341 2545 382 2607 sit
396 2545 627 2624 interpretatio,
644 2544 739 2607 rariae
750 2547 869 2624 regulas
884 2547 1076 2609 doctrinales

96 2643 301 2707 adhibentur.
318 2645 465 2706 iamvero
480 2643 551 2704 aliae
572 2648 645 2704 sunt
659 2643 776 2722 regulas
799 2643 979 2722 generales3
1008 2645 1077 2706 aliae

95 2741 579 2822 respiciuntinterpretationem
593 2742 642 2804 vel
657 2740 861 2815 extensivarn,
877 2739 927 2800 vel
950 2739 1078 2802 restric-

94 2839 205 2916 rivam,
230 2839 279 2902 vel
295 2837 495 2917 simplicem
521 2837 592 2900 alias
610 2836 645 2898 in
668 2836 820 2900 conflictu
838 2835 945 2916 legum
969 2835 1079 2900 ohser-

98 2941 225 3000 vantur.

134 3073 152 3137 g
167 3073 193 3126 1.
208 3067 329 3140 Regula
343 3068 507 3140 generales.

132 3162 151 3226 §
163 3161 191 3214 1.
206 3157 327 3228 Regula
337 3155 586 3230 interpretationis
598 3156 761 3213 extensive.

133 3251 152 3315 ἓ
166 3249 192 3306 3.
209 3247 329 3319 Regulae
343 3245 592 3320 interpretationis
601 3245 781 3303 restrictiva.

136 3338 154 3402 ἕ
168 3337 196 3390 1.
213 3334 333 3405 Regum
350 3335 597 3408 interpretationis
609 3333 802 3390 declarativas.

135 3428 153 3492 ἓ
167 3428 192 3482 5.
210 3423 330 3495 Regula
342 3423 531 3482 servandaein
543 3422 681 3482 conflictu
694 3423 804 3498 legum.

132 3563 170 3624 (1)
180 3563 281 3624 suares,
292 3560 325 3612 de
338 3559 454 3626 haiom,
465 3561 510 3612 lilr.
528 3561 549 3623 1,
561 3573 619 3623 cap.
637 3575 657 3612 1.

133 3642 171 3705 (2)
187 3641 312 3704 unctas,
324 3641 579 3710 merumvastem
589 3640 710 3706 canonici,
721 3639 765 3694 tto.
780 3637 800 3704 1,
814 3638 856 3694 tit.
872 3641 896 3694 2.
