2630 4250
245 251 298 308 168
401 260 558 309 sxrcsmlo
579 255 757 308 pannonica
777 255 860 308 tuuis
882 261 1038 310 aaronica.

506 455 532 504 2.
549 449 755 514 irregubaritates
768 463 797 501 ex
813 449 903 502 delicto
913 451 953 514 (1).

279 603 304 664 Ι.
327 603 449 686 aequa
461 605 619 687 generales.
640 635 680 651 -
696 603 811 686 Regula
830 606 860 666 l·
883 623 890 666 :
913 603 998 680 Olim
1018 620 1139 679 omncs,
1161 603 1210 682 qui

239 699 403 781 publicam
425 709 554 782 egerant
576 701 809 783 paenitentiam,
835 701 875 764 ab
897 701 1063 764 ordinibus
1083 701 1210 781 repelle·

240 797 364 862 bantur.
392 801 558 882 Deinceps,
583 801 686 864 laxata
703 801 869 864 severitate
891 799 1006 862 veteris
1029 799 1208 878 disciplina,

240 902 309 958 orta
331 902 380 960 est
407 899 569 962 distinctio
599 899 683 964 inter
706 898 835 978 publica
859 903 890 960 et
915 897 1041 960 occulta
1073 897 1208 960 crimina.

238 995 340 1058 Hodie
354 997 481 1060 nonnisi
503 997 730 1077 criminaquae
754 997 788 1060 in
806 997 878 1078 jura
901 994 1095 1058 nominatim
1116 995 1212 1075 expri-

238 1099 378 1170 muntur,
399 1095 463 1158 siva
478 1096 604 1160 occulta
620 1095 695 1172 sint,
715 1095 781 1160 sive
794 1093 933 1176 publica,
954 1093 1210 1176 irregularitatem

236 1207 277 1253 ex
289 1191 407 1255 delicto
420 1192 587 1256 inducunt.
791 1255 797 1266 ,
1047 1265 1049 1272 ᾗ

276 1289 390 1370 Regula
409 1294 452 1354 2¹.
474 1293 569 1354 -Ut
588 1291 769 1354 incurratur
789 1291 1005 1372 irregularitas
1027 1309 1066 1354 ex
1089 1289 1209 1364 delicto,

235 1387 409 1468 requiritur
426 1393 516 1452 actus
530 1397 678 1464 externas,
694 1398 909 1452 consummatas
926 1396 959 1454 et
970 1389 1114 1452 marala.
1128 1388 1210 1452 Itatio
1283 1371 1284 1390 ¹

220 1491 295 1563 est,
312 1486 397 1568 quia,
414 1486 491 1550 licet
505 1487 575 1550 linis
590 1488 831 1568 irregularitatis
839 1507 904 1551 non
919 1489 961 1550 sit
973 1489 1102 1569 punire,
1112 1493 1211 1550 tamen
1283 1523 1284 1570 t

235 1583 305 1646 haec
321 1584 535 1666 irregularitas
558 1604 622 1649 non
643 1587 850 1664 contrahitur,
875 1587 936 1650 nisi
960 1587 1085 1650 rationo
1111 1581 1211 1650 delicti
1283 1577 1284 1656 Ϊ

234 1683 404 1746 voluntarii
420 1688 451 1746 et
465 1683 577 1765 gravis.
592 1684 673 1748 Hinc
687 1686 712 1747 si
726 1686 797 1766 quis
810 1675 967 1766 exaliqua
979 1680 1210 1749 circumstantia

235 1787 404 1844 excusatur
419 1800 438 1844 a
453 1783 601 1866 mortali,¹
613 1789 780 1846 excusatur
795 1785 891 1846 etiam
907 1784 948 1846 ab
971 1783 1207 1864 irregrtaritate.
1283 1805 1284 1858 r

275 1877 392 1960 [tepula
405 1883 448 1944 θ’.
468 1915 509 1930 --
522 1882 673 1956 Quaestio,
694 1887 801 1944 utrum
813 1881 1026 1960 irregularitas
1040 1882 1083 1944 ob
1097 1882 1210 1944 crimen
1283 1869 1284 1942 ἐ

234 1974 369 2039 dubium
383 1979 574 2055 incurratur,
593 1980 638 2042 sic
654 1980 816 2043 dirimitur
834 2000 841 2042 :
859 1981 894 2042 In
910 1979 1008 2042 dubia
1019 1980 1116 2062 jara,
1134 1986 1211 2040 stan-

235 2075 312 2137 dum
327 2081 374 2138 est
385 2095 446 2155 pro
460 2075 616 2154 libertate,
624 2095 703 2150 nam
723 2078 936 2158 irregularitas
949 2097 1013 2140 non
1027 2078 1207 2154 incurritur,

233 2170 294 2234 nisi
308 2171 342 2235 in
362 2174 485 2236 casibus
495 2175 566 2254 jure
579 2171 745 2254 expressis.
768 2175 809 2240 At
829 2176 863 2238 iu
887 2177 985 2240 dubio
1004 2176 1082 2258 (aaa
1104 2171 1208 2238 distin·
1283 2165 1284 2224 Ϊ

233 2279 344 2353 guunt.
371 2273 404 2336 Si
423 2267 645 2336 dubitetur-de
670 2274 849 2338 homicidio
874 2280 1008 2354 patrato,
1032 2273 1209 2354 percutiens
1283 2339 1284 2342 Ἴ

232 2377 379 2434 censetur
393 2369 582 2452 irregularis,
608 2371 649 2434 ob
668 2373 895 2452 particularem
910 2369 1127 2434 indecentiam
1139 2387 1209 2450 qna
1283 2451 1284 2456 ἵ

232 2461 266 2529 ln
289 2468 464 2532 homicidio
485 2470 651 2548 reperitur.
675 2471 713 2534 >Si
737 2488 812 2534 vero
830 2469 997 2543 dubitetur
1017 2469 1057 2530 de
1077 2469 1140 2531 alio
1161 2469 1209 2530 de·
1283 2485 1284 2502 ¹

232 2560 321 2643 licto,
346 2568 541 2648 probabilius
564 2565 653 2630 nulle
679 2568 788 2632 subest
815 2566 1041 2648 irregularitas,
1064 2567 1138 2647 qnia
1157 2583 1208 2644 ge·
1283 2583 1284 2658 ἐ

231 2666 368 2728 ncratim
386 2667 419 2727 in
443 2665 544 2728 dubio
564 2666 734 2746 benignior
748 2665 968 2745 interpretatio
990 2663 1136 2743 eligenda
1145 2667 1203 2734 est.
1283 2699 1284 2750 3

271 2758 310 2828 ΙΙ.
330 2769 366 2828 ln
380 2765 486 2845 specie
501 2765 721 2828 lraeccrimina
736 2765 770 2826 in
785 2763 958 2828 canonibus
979 2761 1207 2842 irregularitate
1283 2773 1284 2776 ¹

233 2870 405 2929 notantur}
1081 2915 1083 2918 .

271 2966 300 3026 l.
318 2952 449 3025 Horaia
467 2965 498 3024 ct
517 2961 677 3044 apostasia
699 2995 739 3008 -
758 2962 834 3025 lure
855 2957 1069 3038 Decretalium
1091 2957 1207 3036 irregu-

232 3063 312 3124 lares
323 3065 398 3123 sunt
415 3077 482 3121 non
492 3061 597 3122 solum
611 3059 767 3136 haeretici,
785 3059 840 3120 sed
854 3057 951 3122 etiam
965 3056 1094 3120 illorum
1110 3056 1206 3116 fauto-

231 3173 292 3232 res,
310 3163 466 3220 eteorum
481 3156 538 3218 tilii
555 3158 595 3219 ad
610 3158 787 3220 secundum
798 3155 932 3233 gradum
946 3153 1040 3218 linea
1050 3158 1204 3233 paterna,

231 3259 383 3318 matcrnae
396 3273 470 3319 vcro
486 3257 635 3337 usquead
648 3255 792 3336 primum
802 3253 947 3334 gradum.
962 3251 995 3314 Si
1009 3255 1155 3330 parentes
1169 3248 1206 3315 ad

231 3353 329 3415 fldem
346 3355 488 3418 conversi
501 3355 630 3434 fuerint,
645 3353 701 3416 tllii
715 3351 964 3428 suntimmunes
975 3349 1017 3412 ab
1027 3346 1207 3430 irregulari·

263 3556 301 3622 (t)
314 3555 429 3618 Phillips,
443 3553 563 3608 Manuale
570 3553 644 3620 Jaris
658 3554 829 3618 ecclesiastae,
840 3555 855 3620 ἓ
865 3558 907 3608 tl.
919 3579 953 3594 ·-
965 3553 1063 3617 mac,
1072 3548 1210 3606 Imitatio-

232 3651 293 3688 aam
303 3636 347 3690 tit.
358 3635 379 3700 1,
392 3635 433 3689 tit.
458 3649 508 3686 vu.
