2588 4272
225 308 275 356 104
390 309 545 357 ΕΧΡο81Ἠο
566 310 742 356 unmculca
762 311 845 357 sums
867 311 1022 358 cattorum.

225 427 381 490 doetrinae
396 429 561 491 catholicae
578 430 755 504 adversum,
773 435 884 508 postea
908 430 1053 510 pluribus
1070 430 1103 490 in
1114 427 1199 492 locis

222 525 262 586 ab
271 525 429 588 haereticis
445 533 602 608 corruptae
614 532 695 588 sunt.
709 527 908 589 Manifestum
922 534 980 604 est,
994 529 1115 589 nullam
1128 545 1199 589 cer·

221 629 287 686 tam
301 625 523 688 auctoritatem
535 625 583 686 his
600 623 881 687 constitutionibus
896 625 1097 688 tribuendam
1115 643 1197 688 esse.

619 863 747 926 CAPUT
768 865 796 926 II

500 1022 721 1072 collectione·
736 995 849 1086 grmeoe
867 1021 913 1088 (t).

263 1191 291 1254 1.
318 1188 457 1252 Collectio
474 1189 720 1254 Chalcedonensis.
746 1190 981 1252 —Ecclesiam
1006 1191 1200 1254 orientalem

225 1288 332 1349 medio
344 1290 460 1351 saeculo
475 1306 596 1352 usuum
611 1289 759 1350 habuisse
773 1305 930 1350 canonum
942 1288 1101 1360 codicem,
1119 1307 1203 1351 con-

225 1391 287 1448 stat
302 1403 339 1447 ex
354 1387 433 1448 actis
447 1388 575 1450 concilii
589 1387 864 1461 Chalcedonensis,
887 1386 1048 1465 inquibus
1063 1389 1099 1449 dt
1111 1387 1202 1450 illius

225 1483 359 1574 meutio.
383 1485 419 1544 In
445 1483 506 1546 isto
521 1483 633 1546 codice
659 1481 912 1555 continebantur,
939 1486 1059 1544 servata
1076 1482 1203 1545 ratione

225 1586 418 1660 temporum,
443 1598 581 1644 canones
606 1582 768 1661 generales
788 1585 819 1641 et
843 1579 1057 1658 particulares,
1081 1597 1202 1660 nempe

226 1695 363 1740 canones
387 1679 520 1755 Nieaeni,
542 1679 711 1759 Ancyrani,
730 1677 1010 1752 Neocaesarienses‚
1033 1680 1202 1757 Gangren-

188 1769 193 1780 “
225 1795 284 1850 see,
302 1777 503 1852 Antiocheni,
522 1777 705 1852 Laodiceni,
724 1777 1076 1855 Constantinopolitani.

265 1874 346 1937 Huic
357 1874 539 1937 collectioni
553 1880 754 1936 accesserunt
764 1874 872 1936 medio
888 1875 1006 1936 saeculo
1019 1889 1051 1935 ur
1060 1890 1203 1936 canones

227 1973 463 2049 Apostolorum,
492 1969 706 2047 sardicenses,
739 1971 901 2051 Ephesini,
927 1971 1205 2034 Chalcedoneuses

228 2073 258 2130 et
278 2069 407 2147 Reguiae
421 2069 529 2131 Sancti
542 2069 661 2130 Basilii.

266 2168 303 2229 11.
337 2165 477 2228 Collectc‘o
499 2165 620 2227 loannis
646 2164 830 2228 Scholastici.
857 2196 897 2214 -·-
918 2169 964 2228 Ex
989 2165 1028 2227 iis
1051 2165 1207 2254 omnibus

227 2263 401 2327 canonibus
415 2265 563 2339 loannes,
581 2269 794 2343 cognomento
807 2262 1013 2337 Sedolmticus,
1033 2263 1206 2346 presbyter

228 2363 454 2436 Antiochenus,
470 2379 557 2422 suam
572 2361 736 2423 adornavit
746 2361 978 2438 collectionem,
988 2379 1045 2442 per
1055 2363 1205 2424 ordinem

229 2462 433 2524 materiarum
447 2459 661 2522 distributam.
674 2460 795 2522 Deinde
808 2459 847 2520 ad
859 2460 1086 2540 Episcopatum
1101 2462 1204 2523 Cons-

140 2547 143 2552 ’
228 2559 529 2640 tantinopolitanum
553 2563 689 2634 evectus,
720 2559 805 2638 leges
829 2559 935 2621 civiles
954 2558 1134 2637 praesertim
1165 2575 1205 2620 ex

229 2654 340 2717 codice
361 2654 529 2717 iustiniani
554 2655 757 2734 depromptas
781 2655 964 2716 collectioni
985 2673 1050 2716 suae
1064 2655 1202 2734 adjecit;
1289 2653 1290 2664 ’

227 2753 312 2815 unde
325 2752 429 2814 extitit
442 2753 543 2831 prima
555 2751 644 2831 origo
659 2751 904 2827 Nomocononum‚
920 2753 952 2813 id
966 2759 1025 2826 est,
1037 2753 1206 2815 collectio·

226 2868 305 2913 num
322 2850 355 2912 in
371 2850 637 2930 quibuscanones
653 2850 857 2913 ecclesiastici
877 2867 952 2913 cum
963 2851 1086 2932 legibus
1099 2851 1208 2932 impe-

227 2949 359 3012 rialibus
374 2949 618 3028 conjunguntur.

271 3050 347 3110 Ilaec
359 3045 508 3108 collectio
522 3048 670 3124 suspecta
687 3047 745 3121 est,
762 3060 836 3105 nam
843 3046 911 3125 ejus
923 3049 1034 3106 auctor
1048 3046 1208 3130 Nestoris·

228 3145 323 3205 nismi
338 3146 442 3205 fautor
454 3143 524 3206 luit.

267 3245 319 3304 ΙΙΙ.
338 3240 499 3304 Concilium
521 3240 735 3324 quini-sectum
759 3259 808 3301 sec
831 3239 1012 3303 Trullaocm.
1030 3272 1070 3285 ·-
1088 3243 1134 3304 Ita
1157 3241 1208 3302 di·

230 3341 420 3402 ctumaloco
429 3341 537 3420 palatii
546 3339 719 3419 imperialis
727 3340 758 3400 in
769 3357 833 3419 quo
841 3339 1035 3402 celebratum
1045 3346 1208 3416 estcano·

229 3435 324 3498 nibus
345 3436 471 3497 concilii
487 3437 640 3516 generalis
655 3439 728 3502 Vct
743 3437 784 3500 vl
799 3437 951 3518 derogare
965 3439 1182 3518 praesumpsit.

262 3604 295 3664 (t)
306 3602 438 3664 zellinger,
455 3603 566 3654 Historia
574 3603 683 3668 sontium
689 3605 890 3676 jumbcaopaice',
900 3620 958 3670 cap.
971 3621 988 3658 1.
1001 3633 1033 3646 -
1041 3609 1155 3672 Phillips,
1165 3608 1207 3658 Du

230 3684 300 3736 droit
309 3683 496 3749 ecclesiastique
506 3684 572 3736 deas
584 3700 741 3746 cccccccccc,
755 3689 829 3749 chap.
845 3703 861 3737 ι.
952 3681 954 3689 ’
