2630 4250
194 297 247 342 202
363 293 522 340 EXPOSITIO
544 291 723 340 annuamus
744 293 828 338 sums
850 292 1007 338 canonlcl.

195 430 293 478 unum
308 412 495 487 moliuntur,
511 416 546 473 ut
558 411 783 474 auctoritatem
798 397 940 486 eluda'nt,
958 415 989 473 ct
1007 412 1179 474 ecclesias-

194 513 256 573 tica
267 510 388 590 judicia
401 512 478 571 fiant
488 507 586 571 irrita.

235 611 288 672 IV.
313 607 455 670 Ecclesia
474 624 540 668 non
563 609 668 685 potest
691 607 860 668 Summum
886 605 1076 668 Pontificem
1095 608 1181 688 jadi-

193 725 273 776 aare.
291 739 332 752 -
345 706 437 768 Ratio
456 711 514 778 est,
537 703 612 784 quia
625 703 772 765 Pontifex
785 703 959 782 primatum
972 722 1038 766 non
1052 706 1183 783 accepit

197 804 236 864 ab
258 803 409 877 Ecclesia,
432 802 487 862 sed
510 801 543 860 in
569 797 745 860 Ecclesiam
760 799 831 878 June
856 798 963 860 divino
984 805 1182 880 potestatem

198 900 320 962 obtinet
338 915 529 979 supremam.
554 929 595 944 ·-
615 897 828 959 confirmatur
841 896 1013 958 traditione
1035 903 1067 961 et
1089 901 1183 980 praxi

198 998 349 1060 Ecclesia
366 1016 373 1057 :
391 998 499 1057 Patres
515 995 633 1056 docent
653 1013 660 1055 ε
677 994 779 1074 priato
798 991 877 1054 sedes
895 995 1043 1056 ananiae
1055 995 1184 1076 jadaea-

200 1104 249 1154 tar
263 1093 316 1174 (l).
340 1093 479 1172 Antiqua
501 1091 637 1154 concilia
655 1109 721 1152 non
740 1092 863 1152 audent
886 1092 1077 1156 Pontificem
1091 1093 1185 1174 judi-

199 1208 283 1266 care,
300 1209 335 1250 ae
348 1187 481 1250 videatur
492 1187 691 1268 Episcopatus
704 1187 842 1248 vacillare
855 1183 907 1266 (E).

470 1389 499 1440 ΙΙ.
515 1417 545 1426 -
561 1389 654 1440 Divisio
662 1389 757 1450 iuriam
772 1389 905 1440 primatus.

241 1543 264 1602 Ι.
285 1539 432 1622 ltejtcttar
444 1539 521 1620 salsa
531 1560 633 1602 eorum
643 1539 777 1621 partitio.

242 1639 426 1716 Dogmatice
447 1638 600 1716 probatur
616 1655 742 1712 novam,
764 1635 974 1711 arbitrariam,
1000 1638 1080 1700 falso
1100 1639 1190 1699 inni·

202 1753 275 1798 xam
292 1735 464 1814 principio,
482 1741 602 1798 naturae
620 1735 775 1815 primatus
790 1735 954 1796 adversam
969 1752 1036 1797 esse
1051 1736 1189 1800 distinc-

201 1836 325 1896 tionem
338 1835 423 1896 inter
436 1835 591 1914 primatus
606 1835 676 1912 jura
690 1833 863 1908 essentialia,
885 1835 918 1894 id
937 1839 994 1911 est,
1017 1853 1035 1896 a
1059 1837 1190 1900 Christo

203 1933 331 2005 tradita,
354 1938 387 1992 et
401 1931 562 1992 adventitia
579 1950 650 2009 quae
666 1949 703 1993 ex
718 1932 926 1996 concessione
949 1933 1087 1996 humana
1108 1954 1191 2014 pro-

204 2027 358 2090 venirent.
375 2028 503 2088 Nullum
518 2044 556 2088 ex
566 2027 690 2107 juribus
703 2029 859 2106 primatus
873 2034 920 2091 est
935 2031 1124 2093 auctoritate
1138 2033 1191 2093 ci-

206 2127 258 2188 vili
277 2125 325 2186 vel
345 2124 560 2187 ecclesiastica
578 2127 741 2202 collatum,
759 2127 981 2196 multominus
1001 2146 1107 2191 errore
1124 2149 1191 2208 po-

206 2223 365 2302 pulorum,
400 2222 486 2284 falsis
517 2223 741 2300 decretalibus,
782 2225 958 2287 ambitione
993 2228 1042 2288 vel
1073 2228 1190 2289 fraude

205 2319 378 2394 invectum3
398 2321 451 2380 sed
474 2319 581 2382 omnia
600 2325 673 2384 sunt
691 2321 809 2396 innata,
826 2322 966 2400 propria,
986 2323 1058 2402 jure
1074 2323 1187 2388 divino

205 2417 348 2478 fundata.
727 2449 730 2460 ·
805 2447 807 2452 ·
836 2425 842 2448 ¹

246 2516 343 2576 Error
359 2513 612 2576 adversariorum
632 2515 735 2577 oritur
754 2533 792 2578 ex
813 2516 1000 2578 confusione
1019 2519 1192 2596 potestatis

207 2617 238 2675 et
256 2629 331 2673 usus
346 2611 499 2691 ejusdem.
519 2613 677 2691 Equidem
692 2614 859 2692 plenitudo
879 2616 1045 2693 potestatis
1061 2633 1196 2696 semper

209 2711 314 2773 existit
332 2711 365 2770 in
383 2709 549 2784 Pontifice,
572 2711 628 2772 sed
648 2712 814 2790 potestatis
829 2729 922 2774 usu-m
943 2697 1112 2776 Pontifi'ccs
1128 2733 1195 2791 pro

208 2826 264 2869 sua
279 2807 433 2884 sapientia
454 2812 486 2868 et
507 2795 691 2886 temporum
715 2809 895 2872 rationibus
910 2805 1118 2874 moderantur
1134 2819 1197 2873 aut

208 2904 400 2977 extendunt3
422 2904 462 2964 de
478 2921 540 2982 qua
563 2921 597 2965 re
616 2905 841 2968 Thomassinus
855 2904 900 2970 ait
912 2922 928 2982 ,t
954 2911 1019 2970 aln
1034 2910 1196 2972 Pontificc

208 3007 275 3064 tota
288 3019 414 3080 semper
428 3001 595 3080 plenitudo
610 3005 777 3081 potestatis
792 3005 923 3082 residet,
939 3007 996 3068 etsi
1011 3025 1076 3070 non
1089 3011 1199 3070 tetam

208 3118 335 3179 semper
346 3105 502 3162 exerceat.
517 3125 532 3160 a
1109 3127 1112 3134 ·

248 3200 285 3259 ll.
299 3198 474 3280 Exponitar
487 3206 568 3260 reeta
582 3199 695 3262 divisio.

249 3297 392 3358 Potestas
403 3297 618 3360 ecclesiastica
632 3299 860 3376 complectitur
870 3301 922 3381 jus
937 3301 1086 3377 docendi,
1101 3317 1207 3364 sanc-

210 3391 365 3470 tificandi,
391 3395 534 3474 regendi.
564 3397 643 3458 Gum
671 3398 819 3460 Pontifex
843 3415 969 3484 summo
995 3399 1203 3480 magisterio,

242 3537 610 3614 (mmmm'

224 3670 228 3675 .
243 3635 273 3694 (l)
286 3632 309 3682 S.
324 3633 419 3693 Avitus,
431 3629 481 3696 Ep.
496 3634 533 3683 acl
540 3635 678 3700 Episcopos
691 3635 781 3690 ltalia.
