2626 4258
350 239 353 244 -
424 205 498 253 PARS
519 208 684 255 sarulsus.
989 207 1040 254 359

105 321 161 384 lv.
174 318 278 382 Modus
286 321 472 402 procedendi.
488 325 633 388 -Liber
644 325 862 406 prohibendus
875 343 893 386 a
908 329 1041 386 secreta·

69 419 114 482 rio
138 423 170 481 et
196 419 321 482 duobus
346 423 581 506 consultoribus
606 425 812 487 examinatur.
843 424 874 486 Si
897 424 1043 485 videatur

69 535 197 580 censura
211 517 335 598 diguus
354 519 480 596 eligitur
500 522 616 584 relator
640 521 773 583 idoneus
789 520 842 599 qui
864 521 981 599 scripto
996 536 1043 580 ro-

69 617 144 676 ierat
156 615 444 678 animadversiones
458 636 528 679 suas
540 620 699 681 adnotatis
710 620 843 699 paginis.
861 621 897 680 ln
911 637 1044 697 congre-

69 711 189 791 gatione
201 712 423 793 praeparatoria
437 731 491 774 sex
505 716 704 776 consultores
718 733 884 777 censuram
899 714 1042 798 relatoris

68 810 253 888 ponderant.
279 813 323 872 De
348 812 476 890 illorum
500 813 625 890 judicio
653 813 810 874 deliberat
838 812 1043 892 congregatio

67 908 214 990 generalis.
250 909 455 986 secretarius,
478 910 622 990 diligenti
648 915 793 973 actorum
817 910 982 986 relatione,
1004 913 1040 971 R.

69 1007 226 1069 Pontificis
242 1025 404 1070 assensum
419 1009 568 1089 exquirit.

105 1107 198 1168 Juxta
228 1106 404 1185 sapientem
429 1107 676 1170 instructionem
707 1109 873 1172 Benedicti
904 1108 999 1190 xlv(
1020 1106 1042 1186 ),

68 1204 222 1284 eliguntur
247 1206 442 1267 consultores
469 1206 564 1284 periti
582 1206 676 1286 hujus
699 1207 842 1268 scientiae
867 1208 906 1268 de
932 1207 1045 1284 quain

68 1302 153 1364 libris
173 1303 389 1364 examinandis
414 1303 526 1382 agitur.
553 1305 762 1383 Congrogatio
785 1305 889 1366 studia
906 1304 1045 1383 partium

69 1401 199 1479 seponit.
235 1400 471 1462 catholicorum
506 1401 605 1463 libros
634 1402 770 1481 benigne
799 1402 1042 1483 interpretatum

68 1499 164 1573 addit,
182 1498 207 1559 si
223 1498 291 1560 fleri
304 1499 414 1578 possit,
432 1500 608 1562 clausulam
621 1499 709 1560 doaea
720 1499 899 1580 corripatar.

105 1599 234 1658 Decreta
259 1597 410 1658 inauditis
434 1598 617 1660 auctoribus
642 1601 705 1660 lata
730 1617 794 1660 non
819 1603 892 1659 sant
916 1598 1042 1678 injusta,

68 1712 138 1754 narn
152 1695 269 1775 Indicis
291 1695 496 1775 congregatio
511 1696 623 1772 libros,
641 1714 706 1758 uon
720 1702 877 1774 auctores,
894 1697 1045 1758 damnare

68 1794 237 1856 cousuevit.

309 1986 332 2033 a.
346 1979 508 2048 congregatio
519 1981 550 2032 de
560 1981 723 2044 propaganda
733 1981 800 2032 Fide.
914 2004 918 2013 ,

104 2132 127 2197 1.
147 2131 308 2198 Institutio.
322 2171 362 2185 -
376 2139 413 2199 R.
429 2137 601 2200 Pontifices
624 2155 750 2198 summo
765 2135 870 2198 studio
889 2151 1045 2216 propaga-

65 2221 186 2295 tion'em
198 2234 271 2296 lidei
281 2235 447 2296 catholicae
458 2253 515 2313 per
526 2235 705 2296 universum
720 2233 830 2296 orbern
842 2241 1044 2312 promovent.

65 2331 195 2394 Inbuno
206 2333 302 2394 finem
311 2333 447 2394 inventis
459 2333 616 2394 American
625 2331 797 2402 littoribus,
815 2330 1045 2409 GregoriusXV

66 2429 202 2492 instituit
225 2431 319 2510 hujus
342 2430 482 2493 nominis
506 2429 797 2508 congregationem,
824 2446 895 2507 quae
920 2433 1044 2489 constat

67 2528 294 2604 cardinalibus,
319 2530 459 2608 praelatis
478 2534 508 2592 et
533 2526 780 2602 consultoribus,
805 2526 953 2588 ucetiam
971 2526 1044 2586 oili-

65 2626 199 2688 cialibus
213 2626 369 2688 interioris
384 2627 516 2716 ordinis.

103 2721 141 2782 ll.
150 2719 329 2782 Facultates.
344 2755 384 2766 -
395 2719 582 2783 iurisdictio
595 2719 679 2781 illius
688 2718 869 2798 extenditur
880 2718 919 2778 ad
932 2733 1042 2779 omues

65 2817 253 2880 missionum
270 2818 426 2898 regiones·

102 2917 131 2975 l.
149 2912 247 2994 Ipsa‘as
271 2911 509 2994 Caaprapatr'onis
532 2913 672 2975 officium
696 2919 743 2974 est
768 2910 875 2973 omnia
901 2910 1040 2989 negotia,
1145 2975 1151 2990 ‚

65 3025 135 3088 quae
164 3011 325 3089 pertinent
353 3011 391 3071 ad
421 3013 518 3072 finem
546 3011 804 3090 propagandam,
838 3025 1041 3086 cognoscere,

64 3108 264 3188 presbyteros
278 3115 309 3170 et
321 3107 465 3171 vicarios
480 3109 671 3188 apostolicos
687 3107 826 3181 mittere,
841 3091 1043 3166 dillicnltatos

64 3213 146 3268 ortas
161 3207 294 3270 solvere.

101 3309 130 3368 2.
150 3307 200 3368 Ad
226 3305 325 3368 instar
348 3304 554 3383 collegiorum
580 3322 639 3383 pro
666 3302 792 3376 Graecis,
823 3302 984 3363 Germanis
1011 3305 1043 3363 et

64 3405 205 3486 Anglisa
221 3403 371 3482 Gregorio
385 3405 455 3465 Xlll
475 3407 664 3478 erectorum,
682 3400 827 3463 Urbanus
843 3401 911 3464 vlll
925 3401 958 3462 in
972 3419 1044 3483 gra-

97 3566 129 3630 (1)
144 3561 430 3618 ConstitutioSolliaita.
515 3635 518 3642 Δ
