2620 4258
238 311 290 356 322
318 321 320 324 ’
400 309 557 356 nxrostrlo
577 307 754 354 unrflonlca
775 308 858 354 sulus
881 308 1037 355 canorum.

275 426 433 500 seeundo,
450 425 535 486 fraus
548 423 651 486 omnis
666 423 775 484 abesse
787 422 901 498 debet3
919 440 981 501 qua
991 424 1030 485 d'e
1043 439 1079 484 ra
1092 423 1218 484 nullam

232 523 457 585 auctoritatem
466 521 563 583 babet
573 521 746 583 concilium
758 520 970 584 Ariminense.

276 621 395 693 Tertio,
417 619 624 698 praemittitur
650 619 809 680 sufficiens
833 633 977 680 examen.
993 619 1103 695 Neque
1130 619 1217 679 enim

237 719 316 779 liunt
327 735 416 779 novae
429 716 647 790 revelationes
660 717 715 777 sed
729 718 811 777 Deus
826 714 987 793 pollicitus
1003 721 1050 776 est
1063 716 1216 776 Ecclesia
1306 761 1307 788 p

236 815 448 877 assistentiam
461 831 560 890 suam,
576 831 616 876 ne
630 830 770 892 unquam
783 814 817 873 in
830 811 1014 874 veritatibus
1025 812 1101 874 fidei
1116 813 1217 873 inves·
1306 793 1307 826 ³

238 913 375 994 tigandis
388 917 483 989 atque
497 911 685 974 definiendis
700 911 733 972 in
747 927 887 972 errorem
900 908 1067 970 laberetur.
1085 912 1129 972 At
1142 927 1217 972 vero
1269 905 1271 911 ’
1306 921 1307 1000 l

238 1015 404 1090 postquam
435 1009 608 1070 concilium
630 1009 781 1084 delinivit,
807 1008 911 1068 nullus
935 1006 1102 1068 dubitandi
1126 1009 1218 1068 loous
1306 1001 1307 1074 l

238 1109 437 1186 relinquitur,
458 1107 535 1186 quin
556 1107 728 1170 concilium
746 1105 944 1186 diligentiam
963 1104 1156 1182 adhibuerit,
1174 1106 1217 1164 si-

238 1205 369 1285 quidem
383 1208 465 1266 Deus
479 1204 573 1265 sbnul
592 1203 745 1283 prospicit
767 1203 863 1264 finem
882 1207 913 1264 et
931 1202 1037 1264 media
1057 1203 1097 1262 ad
1116 1203 1216 1262 finem

237 1303 423 1366 necessaria.

277 1406 307 1461 ⁶2.
330 1399 466 1460 Adultus
483 1399 601 1480 regulus
624 1400 710 1478 quod
730 1398 854 1473 attinet,
876 1414 1041 1460 consessus
1061 1397 1121 1475 ipsi
1141 1403 1218 1458 sunt

238 1499 286 1560 vel
299 1499 432 1559 sessiones
442 1497 567 1578 publice
579 1499 625 1560 vel
642 1495 872 1577 congregationes
885 1496 1058 1574 generales.

278 1597 314 1656 ln
325 1595 622 1676 congregationibus
632 1612 682 1656 res
692 1595 865 1656 traotandae
875 1593 991 1671 praevie
1002 1591 1218 1653 discutiuntur
1306 1655 1307 1658 ,

240 1698 271 1757 et
289 1699 435 1756 aoourate
449 1695 679 1768 examinantur,
701 1697 736 1754 ut
746 1693 813 1771 jam
827 1691 934 1753 omnia
948 1695 1058 1770 parata
1074 1690 1139 1752 sint
1158 1708 1217 1770 pro

240 1793 396 1854 sententia
410 1792 546 1854 decisiva
560 1793 593 1852 in
605 1788 798 1852 sessionibus
812 1789 1013 1868 proferenda.

279 1891 411 1950 Decreta
429 1889 612 1951 oonoiliaria
631 1889 744 1968 majori
762 1887 981 1964 suffragiorum
1000 1891 1091 1964 parte
1109 1885 1220 1946 ferun·

240 1989 307 2058 tur;
328 1985 393 2046 imo
408 1987 582 2064 generatim
598 1986 734 2047 eoncilia
750 1985 875 2047 nonnisi
890 2003 927 2046 ea
940 1985 1129 2058 decernunt,-
1146 2001 1219 2061 quae

245 2083 408 2143 moraliter
421 2083 564 2143 unanimi
577 2083 733 2144 sententia
746 2084 875 2144 Patrum
889 2081 1116 2161 approbantur.
1160 2091 1162 2094 ’

282 2179 434 2258 Suffragia
448 2179 566 2240 viritim
581 2180 648 2240 dari
662 2181 775 2241 solent.
793 2181 960 2241 Rationem
972 2179 1096 2240 ferendi
1109 2180 1222 2240 suffra-

242 2277 292 2354 gia
306 2277 482 2360 seeundum
496 2277 651 2354 nationes,
668 2295 686 2338 a
700 2277 846 2360 oonoiliis
865 2277 1097 2338 constantiensi
1112 2281 1143 2338 et
1157 2277 1222 2336 Ba·

242 2373 368 2434 sileensi
381 2373 557 2448 inductam,
575 2375 752 2438 Concilium
763 2373 987 2436 'tridentinum
998 2372 1191 2452 reprobavit.

356 2593 471 2652 Qunsrm
483 2597 520 2644 3²,
536 2621 567 2630 -
576 2595 613 2644 Da
624 2605 823 2644 courrauurroun
835 2607 943 2644 noucruu
957 2607 1096 2644 cernulus.

281 2764 306 2815 l.
320 2761 478 2818 Necessitas
493 2762 729 2819 confirmationis.

279 2851 306 2903 2.
322 2849 425 2906 Notitia
439 2850 630 2908 conciliorum
644 2851 891 2908 confirmatorum.

493 3045 514 3096 l.
530 3071 559 3082 -
572 3046 711 3096 Necessitas
725 3045 918 3096 confirmationis
927 3045 969 3106 (Ι).

287 3193 489 3256 Confirmatio
510 3199 557 3256 est
578 3200 666 3258 antris
693 3213 756 3274 quo
777 3193 812 3256 R.
838 3161 984 3256 Pontifex
1008 3190 1166 3272 approbat
1189 3209 1229 3254 ea

247 3289 364 3364 quaein
382 3291 518 3353 oonoilio
533 3293 660 3354 decreta
675 3296 759 3366 sunt,
778 3290 905 3368 illisque
927 3289 1041 3351 tribuit
1059 3289 1123 3350 vim
1143 3289 1226 3368 legis

248 3383 281 3442 in
292 3386 468 3448 universam
478 3390 661 3452 Ecclesiam.
672 3391 734 3450 Ista
744 3387 852 3468 legalis
862 3387 1050 3467 approbatio
1060 3402 1226 3463 nunqnam

250 3649 268 3698 d
278 3570 315 3698 (lg
327 3570 453 3696 Belzerini
467 3573 504 3621 De
513 3576 634 3636 potestate
645 3573 796 3637 Pontificum
806 3575 832 3622 et
842 3571 1023 3623 Consiliorum.
1033 3571 1225 3628 -Bellurmin,

267 3663 280 3698 e
315 3661 368 3698 onor
383 3661 426 3698 ns.
