2604 4270
470 247 694 292 PHAENOTIONES.
1056 252 1071 297 9

98 365 255 440 minuatur,
269 372 299 424 et
313 363 443 445 fidelium
457 364 581 426 actiones
594 363 767 444 diriguntur
779 365 820 426 od
830 367 919 448 finem
937 367 1074 428 Ecclesia

99 462 259 544 proprium.

135 561 275 623 Dicitur:
299 591 339 604 -
355 564 385 618 l⁰
403 556 572 640 Complccio
586 559 681 638 legum
691 579 702 620 .·
721 560 752 620 id
766 577 937 624 commune
951 568 1001 624 est
1009 564 1073 642 juri

99 659 247 737 cujusque
262 657 434 720 societatis.
449 659 547 732 Leges
559 657 784 726 ecclesiasticae
794 664 988 724 nontautum
1001 677 1074 724 con·

100 754 167 816 silia
181 759 251 815 sunt
267 759 299 816 et
313 753 486 828 suasiones,
504 755 557 814 sed
576 753 744 830 primarius
760 771 869 818 carum
884 757 1013 826 allectus
1028 761 1074 820 est

102 852 268 928 obligati0;
284 852 322 912 ad
338 851 407 911 illas
423 850 780 914 observandasrectores
791 854 941 916 Ecclesiae
953 855 1075 934 iudicio

100 951 260 1028 pinnisque
273 967 388 1028 cogere
397 951 510 1010 valent.

136 1047 433 1127 2⁰¹PcrEpc'scopcset
441 1047 606 1126 praesertim
614 1047 914 1130 pecR.Pcutificem:
923 1049 1075 1128 Regimen

100 1145 245 1206 Ecclesiae
271 1147 365 1206 Petro
383 1150 414 1206 et
437 1146 608 1222 ApostoliS,
625 1163 798 1224 eorumque
811 1148 1076 1210 successoribusa

101 1243 233 1304 Domino
251 1241 405 1323 traditum
431 1242 501 1304 fuit.
528 1243 682 1321 Suprema
700 1251 856 1322 potestate
878 1247 914 1310 R.
931 1245 1077 1308 Pontifex

101 1345 129 1400 et
146 1337 320 1400 concilium
344 1339 575 1400 mcumenicum
595 1340 681 1416 leges
703 1343 892 1402 uniuersales
922 1347 1072 1404 statuunt.

101 1438 195 1512 Leges
214 1452 290 1496 vero
312 1436 518 1514 particulares
533 1454 550 1496 a
566 1436 696 1516 singulis
710 1439 875 1516 Episcopis
898 1445 930 1500 ot
953 1439 1076 1502 caeteris

101 1532 330 1610 legislatoribus
345 1534 499 1594 feruntur.

137 1633 169 1690 3⁰
182 1629 230 1690 Ac
241 1629 374 1690 Ecclesia
391 1629 505 1691 Christi
505 1677 580 1692 ......
604 1632 806 1693 sancitorum:
819 1636 960 1696 Potestas
974 1636 1077 1696 eccle-

103 1728 224 1788 siastica
241 1728 361 1806 triplici
377 1729 474 1789 modo
489 1731 574 1807 leges
589 1730 693 1789 firmat
706 1730 789 1789 :illas
800 1731 885 1791 enim
900 1733 946 1792 vel
962 1749 1079 1811 propo-

102 1825 171 1899 suit,
189 1826 236 1886 vel
250 1826 319 1903 ipsa
333 1827 490 1899 condidit,
507 1827 554 1886 vel
569 1827 770 1913 approbavit.

138 1924 182 1982 Ea
195 1939 268 2000 quaa
283 1926 383 1984 Deum
398 1929 451 1984 aut
466 1923 623 1984 Christum
639 1924 757 1985 habent
775 1931 951 2000 auctorem,
968 1947 997 1988 v.
1015 1947 1076 2008 gr,

102 2021 474 2100 fideidogmata,morum
485 2022 612 2099 regulae,
623 2022 903 2100 jureconstitutiva
914 2025 1076 2099 Ecclesiae,

103 2118 208 2198 adjus
222 2118 363 2178 divinum
374 2119 562 2179 reseruntur.
577 2119 830 2180 tuscanonicum
842 2139 908 2181 non
923 2127 1076 2200 spectant,

103 2215 164 2274 nisi
180 2221 334 2292 quatenus
351 2222 426 2277 sunt
442 2217 509 2296 ejus
522 2217 603 2278 ratio
617 2223 648 2278 et
664 2218 914 2292 tundamentum,
934 2221 981 2280 vel
1002 2237 1080 2298 qua-

102 2321 194 2374 tenus
207 2314 358 2376 Ecclesiae
379 2314 550 2376 traditione
569 2315 779 2389 declarantur,
806 2317 993 2379 auctoritate
1006 2335 1081 2395 pro·

104 2417 276 2487 ponuntur,
290 2411 392 2489 poenis
405 2412 616 2473 vindicantur.

145 2509 242 2586 Leges
259 2526 333 2569 vero
350 2525 436 2570 mare
450 2510 668 2587 disciplinares
679 2511 747 2589 ipsa
759 2511 901 2571 Ecclesia
913 2511 1032 2571 statuit.

145 2607 277 2684 Insuper
291 2607 360 2666 aliae
371 2607 488 2686 regulae
500 2613 573 2668 sunt
585 2625 668 2685 quoe,
682 2609 823 2669 moribus
837 2608 1082 2668 christianorum

107 2703 247 2781 primum
260 2705 410 2778 inductae,
424 2706 679 2767 tacitollcclesiae
688 2723 841 2766 consensu
855 2705 1080 2784 approbantur,

108 2808 140 2860 et
152 2801 211 2861 sub
224 2803 464 2864 consuetudinis
478 2803 611 2864 nominc
624 2805 687 2864 vim
699 2804 776 2880 legis
792 2804 952 2880 accipiunt
967 2802 1021 2883 (l).

145 2905 178 2960 4⁰
200 2898 354 2960 Socictctc's
374 2899 541 2963 christianes
559 2901 637 2982 juce
664 2909 692 2961 ct
714 2899 816 2980 officio
840 2900 1083 2962 determinantur.

109 2998 185 3058 Jure
200 2998 354 3059 canonico
368 2999 523 3076 generalis
547 3004 644 3060 status
669 2999 820 3060 Ecclesiae
843 2997 1084 3069 determinatur,

108 3095 172 3156 sive
187 3102 333 3174 respectu
347 3098 460 3174 gradus
476 3114 570 3175 quem
581 3097 705 3159 obtinet
717 3096 857 3156 Ecclesia
869 3112 936 3172 prae
962 3093 1086 3157 caeteris

111 3192 338 3267 societatibus;
363 3194 427 3256 sive
445 3200 593 3274 respectu
611 3189 775 3272 potestatis
789 3197 820 3252 et
832 3191 945 3251 virium
973 3192 1086 3272 quibus

111 3291 247 3367 praedita
269 3297 333 3364 est;
359 3291 421 3351 sive
443 3297 588 3371 respectu
603 3288 852 3368 personarumin
868 3289 982 3367 quihus
1001 3292 1085 3354 dicta

113 3387 252 3462 potestas
267 3387 386 3447 residet
400 3387 451 3466 (t).

141 3536 175 3596 (1)
190 3536 303 3596 Pirhing,
314 3533 465 3583 Prooemium
482 3535 507 3582 in
517 3534 563 3598 jue
575 3535 729 3583 canonicum.

141 3617 177 3676 (t)
191 3614 321 3676 Tarquini,
334 3613 501 3662 lostc'tutioncs
512 3613 582 3677 juris
592 3612 690 3678 publici
703 3613 869 3677 ecclesiastici,
887 3629 914 3677 p.
933 3619 960 3666 2.
1052 3663 1055 3670 ,
1149 3619 1161 3630 “

939 3711 999 3756 1,.
