2604 4270
461 165 533 210 PARS
554 164 731 240 eununstls.

457 371 677 428 annuimus
694 371 723 427 ll

331 522 524 564 messurum
537 524 571 564 AB
582 525 706 566 semusta
719 523 859 566 memnoni.

137 669 256 728 Praeter
269 670 462 746 potestatem
483 686 674 748 supremam,
691 669 721 731 vi
735 669 825 748 cujus
844 668 929 748 leges
945 683 1075 748 genera·

101 767 143 828 les
163 769 345 828 statuuntur
367 768 415 828 vel
441 785 459 828 a
482 770 624 830 Romano
643 769 795 830 Pontifice
820 769 868 830 vel
891 785 910 828 a
931 767 1076 830 conciliis

102 862 322 938 oecumenicis;
340 869 458 942 praeter
470 864 609 945 singulos
627 867 801 945 llpisoopos
811 865 865 946 qui
880 865 952 945 jure
970 864 1077 926 divino

26 1009 27 1012 ,
101 961 137 1020 ad
161 960 376 1021 hierarchiam
407 962 566 1040 pertinent
597 968 629 1026 et
655 965 804 1026 Ecclesiis
832 961 1077 1044 particularibus

26 1057 27 1082 ¹
101 1059 325 1136 proficiuntur,
342 1059 397 1120 alii
411 1063 483 1122 sunt
501 1061 696 1140 legislatores
711 1079 749 1123 ex
761 1060 959 1124 institutione
975 1060 1079 1122 ecole-

102 1155 234 1219 siastica.

133 1291 148 1355 ἓ
160 1291 186 1346 l.
201 1287 331 1346 Concilio
345 1289 545 1362 particularia.

132 1378 184 1442 §2
203 1377 338 1435 Personae
349 1379 583 1449 jnrisdictionem
595 1379 771 1439 obtinentes.

198 1562 254 1624 fil.
269 1589 296 1601 -
316 1563 437 1618 concilia
451 1563 637 1633 particularia
646 1563 726 1618 velut
736 1561 914 1630 legislatores
929 1561 974 1627 (1).

136 1729 160 1775 ¹.
175 1718 306 1775 Concilio
319 1719 450 1792 plurium
463 1721 683 1796 Episcoporum.

133 1811 159 1863 t.
174 1807 306 1880 synodus
319 1809 493 1869 dioecesune.

318 1982 341 2028 1.
362 1979 399 2029 Do
413 1980 524 2032 conciliis
537 1980 649 2044 plurium
661 1980 852 2044 opiscoporum.

134 2115 158 2176 1.
175 2112 299 2194 Triplex
314 2113 420 2194 species
441 2115 652 2178 conciliorum
676 2101 832 2196 ejusmodi
857 2112 1073 2193 distinguitur,

98 2211 293 2274 tumratione
301 2211 446 2290 praesidis
458 2213 612 2292 ipsorum,
625 2219 694 2276 tum
707 2213 830 2274 ratione
840 2211 1074 2290 Episcoporum

100 2309 210 2389 quibus
225 2313 383 2383 constant,
398 2313 467 2370 tum
480 2311 602 2374 ratione
624 2311 775 2373 Ecclesiae
789 2309 988 2389 particularis
1003 2325 1075 2388 quae

99 2425 184 2468 suum
205 2407 258 2486 jus
281 2406 378 2469 habet
401 2408 582 2470 conciliare.
611 2409 705 2470 Aliud
733 2413 799 2470 crat
823 2407 996 2472 concilium
1019 2425 1076 2485 pa-

97 2505 273 2579 triarchale,
292 2505 378 2566 aliud
390 2524 464 2568 vero
479 2507 651 2568 concilium
671 2507 830 2568 nationale
850 2505 901 2567 cui
917 2509 1075 2584 praeerant

98 2603 261 2678 Primatcs,
294 2604 381 2664 aliud
403 2606 533 2666 demum
547 2609 595 2667 est
619 2605 793 2667 concilium
815 2603 1007 2684 provinciale
1034 2599 1073 2662 ab

27 2783 28 2790 ἵ
98 2702 344 2781 Archiepiscopo
360 2707 579 2765 convocatum.

27 2855 28 2862 ,
132 2801 171 2862 ll.
191 2793 387 2880 Lepislotores
400 2801 433 2861 in
447 2801 496 2862 his
508 2801 653 2864 conciliis
672 2805 756 2876 sunt,
779 2817 844 2861 non
862 2798 992 2886 quidem
1007 2801 1073 2857 tan·

99 2901 162 2958 tum
173 2897 380 2972 Patriarohac,
398 2897 562 2972 Primatcs‚
582 2897 793 2976 Metropolitae
807 2897 893 2957 velut
908 2893 1070 2972 praesideS,

97 3011 200 3056 vemm
214 2995 310 3058 ctiam
321 3012 431 3056 omnes
449 2995 598 3076 Episcopi
614 2995 728 3076 quibus
742 2993 917 3057 concilium
934 2994 1068 3053 constat.

97 3093 184 3155 Ratio
201 3098 259 3168 est,
274 3093 338 3154 sive
357 3093 431 3172 quia
446 3093 561 3174 singuli
576 3093 725 3173 Episcopi
742 3096 816 3153 sunt
829 3089 1024 3169 legislatores
1036 3089 1070 3150 in

97 3189 222 3269 singulis
249 3189 436 3252 dioecesibus
463 3191 578 3270 quihus
593 3195 718 3252 constat
731 3185 893 3268 provincia
907 3186 1070 3249 ecclesias-

98 3287 164 3364 tica,
173 3289 238 3348 sive
248 3287 323 3365 quia
330 3288 570 3365 praeeminentia
579 3286 863 3364 Metropolitum,
876 3301 949 3346 cum
960 3285 999 3347 ab
1012 3285 1070 3346 Ec·

99 3384 186 3445 clesia
196 3385 343 3448 instituta
352 3385 457 3464 fuerit,
462 3381 909 3466 juribusEpiscoporumnihil
917 3383 1064 3445 detrahit.

127 3528 160 3592 ll)
174 3528 405 3591 schmalzgruebsr,
420 3530 465 3580 los
474 3529 673 3590 ecclesiasticum,
687 3529 787 3581 dissert:
802 3527 961 3590 prooemialis,
971 3525 987 3589 ς
997 3531 1019 3577 l.
