2620 4258
462 223 536 277 Pau's
558 231 720 278 supultus.
1027 232 1077 277 att

104 347 237 426 Legatis,
255 365 352 425 quam
367 349 400 409 in
412 349 537 428 Legatis
558 367 577 410 a
592 350 701 411 latere.
719 349 845 410 Etenim
859 353 887 410 l.
912 350 1032 426 Nuntii,
1052 352 1081 412 ri

99 445 266 524 legationis
281 465 358 522 suae,
372 465 436 509 non
452 447 570 510 hahent
581 449 771 526 potestatem
781 448 968 509 conterendi
984 448 1081 510 bene-

106 545 183 618 licia,
198 543 259 604 nisi
273 544 335 606 hoc
347 545 425 624 ipsis
439 546 620 624 specialiter
632 545 673 605 sit
685 561 884 608 conoessum.

141 645 173 704 Ξ.
186 643 305 703 Eorum
311 643 492 722 jurisdictio
504 643 538 702 in
549 647 713 721 exemptos
722 661 756 704 se
766 661 830 704 non
840 644 992 706 extendit.
1005 645 1082 704 Inde

105 740 237 801 infertur
259 744 432 820 exemptos,
456 739 518 799 nisi
533 739 642 814 velint,
665 739 815 816 compelli
840 758 905 801 non
926 757 1031 818 posse,
1048 746 1084 800 ut

105 854 211 900 coram
225 837 387 915 praedictis
402 836 527 914 Legatis
539 835 677 913 litigent.

143 939 172 998 3.
188 937 253 998 Etsi
264 932 602 1013 absolverepossintah
612 935 945 996 excommunicatione
955 935 1084 996 canonis

107 1033 146 1095 ob
165 1033 404 1112 percussionem
429 1031 630 1108 clericorum,
657 1032 739 1093 hano
763 1037 870 1094 tamen
895 1036 1085 1112 potestatem

21 1177 22 1206 ÷
107 1129 239 1192 Nuntius
254 1135 342 1192 extra
354 1129 552 1208 provinciam
570 1145 717 1191 exercere
733 1131 853 1209 nequit.

67 1271 70 1282 ·
113 1245 114 1249 ’
145 1223 1082 1307 Il.QuidamNuntiimittunturrumpotestoteLaputr'olatere.

108 1323 144 1386 Vi
168 1323 263 1404 hujus
287 1326 441 1388 clausura
469 1324 624 1404 majorem
638 1330 829 1404 potestatem
853 1326 937 1386 ultra
954 1327 1087 1384 caeteros

108 1422 318 1514 Nuntiosynon
330 1420 462 1498 habent,
478 1421 538 1482 nisi
551 1428 706 1501 quantum
720 1423 797 1501 ipsis
814 1441 833 1484 a
852 1420 1007 1483 Pontifice
1020 1437 1087 1498 spe·

107 1519 180 1580 ciali
192 1520 344 1580 mandato
363 1536 550 1580 eoncessum
566 1523 624 1582 est.

359 1726 411 1791 §3-
423 1753 454 1764 —
469 1727 506 1778 lie
521 1697 648 1778 Praelatis
664 1727 854 1778 interioribus.

145 1889 171 1939 l.
185 1884 292 1938 Vicarii
305 1883 471 1956 Apostolioi.

143 1976 171 2027 t.
184 1971 298 2028 Praelati
311 1972 468 2042 Regulares
481 1975 511 2031 et
527 1971 660 2027 Abbates.

292 2160 407 2218 Quasrm
423 2165 459 2211 1⁸.
473 2187 504 2195 —
514 2160 673 2209 Drllrclaus
687 2155 847 2208 Anourotrurs
864 2158 909 2220 (1).

150 2325 243 2386 turta
255 2321 460 2401 disciplinam
471 2320 642 2398 vigentem,
660 2318 804 2382 Vicarius
817 2319 1020 2396 Apostolicus
1044 2319 1093 2379 di-

115 2421 194 2483 citur
206 2422 358 2484 Praelatus
382 2437 400 2479 a
413 2419 495 2480 Sede
507 2415 692 2495 Apostolioa
707 2415 888 2494 deputatus,
909 2421 945 2478 ut
959 2416 1091 2493 alicujus

114 2519 249 2597 regionis
268 2517 430 2599 spirituale
444 2513 599 2598 regimen,
615 2512 746 2574 nomine
768 2512 891 2573 Summi
915 2511 1090 2586 Pontificis,

115 2615 275 2694 suscipiat.

153 2711 331 2773 Discrimen
346 2711 453 2772 existit
468 2709 634 2772 interillos
650 2712 682 2768 et
693 2707 870 2786 Episcopus
886 2704 1093 2766 dimoesanos.

117 2810 194 2870 (lum
209 2810 415 2889 Episcopatus
440 2809 536 2868 fuerit
562 2825 581 2868 a
602 2805 727 2867 Christo
743 2796 918 2877 institutus,
944 2804 1095 2866 Summus

21 2981 22 2988 ἵ
117 2906 259 2969 Pontifex
272 2902 447 2970 Ecclesiam
459 2924 525 2968 non
537 2903 692 2984 gubernat
707 2903 774 2964 sine
795 2898 962 2982 Episcopis
978 2917 1036 2962 :ex
1046 2917 1097 2962 re-

119 3006 189 3083 gula
203 3005 351 3085 generali,
368 3004 519 3066 Ecclesia
532 3001 738 3080 particulares
750 2999 790 3061 ab
801 2999 968 3078 Episcopis
983 2999 1096 3060 dioece-

120 3103 200 3168 sanis
212 3105 342 3184 proprio
363 3103 495 3164 nomine
518 3105 682 3178 reguntur.
708 3101 857 3160 Attamen
872 3097 1097 3159 nonnullarum

122 3195 1097 3280 Ecclesiarumregimencommittiturei,quinonestproprius

123 3313 229 3360 aarum
244 3301 433 3380 Episcopus.

152 3485 183 3544 (ll
197 3485 343 3546 Andreurci,
361 3485 393 3533 cte
412 3455 658 3544 Vicarioopostotiro
673 3477 827 3540 (Hierarchia
838 3477 1016 3540 ecclesiastica,
1028 3485 1049 3527 t.
1070 3477 1097 3538 l).

124 3588 152 3599 -
164 3565 251 3625 Bouix‚
262 3566 294 3614 dc
306 3565 386 3615 Curia
395 3575 511 3622 romanu,
523 3571 582 3620 pars
594 3559 635 3609 tv.
