2604 4270
455 223 529 270 PARS
551 223 731 272 ammanus.
1038 227 1072 274 ¹05

101 341 219 422 cipiunt
236 344 427 420 potestatem
443 339 587 404 subditos
605 342 802 422 gubernandi
819 343 916 407 etiam
936 345 1071 424 legibus.

137 441 227 503 Ratio
242 443 301 514 est,
318 439 391 518 quia
404 440 508 500 omnis
517 441 598 502 'ordo
609 441 774 520 religiosus
787 442 953 522 subjicitur
966 445 1073 506 Pasto-
1128 491 1133 506 .

101 540 184 602 ribus
202 539 364 606 Ecclesia.
382 539 478 617 Atqui
497 538 531 598 in
550 539 716 601 ordinibus
731 542 885 621 exemptis
904 541 1072 604 necessarii

100 642 170 698 sunt
183 637 309 698 Praelnti
323 638 491 716 regulares.
509 639 592 718 Ergo
606 638 809 701 Generalibus
822 657 932 702 eorum
947 641 1073 702 conier-

98 740 147 795 tur
159 739 299 813 potestas
314 734 499 814 legislativa.

136 834 174 894 ΙΙ.
190 831 670 910 Commonitotibusecclesiasticis,
684 853 712 896 v.
728 853 757 916 g.
773 835 932 915 capitulis,
947 851 1072 913 compe·

99 930 135 991 tit
148 930 325 1004 ammonio,
342 930 373 990 vi
388 930 476 1008 cujus
485 933 588 993 valent
598 932 659 993 sihi
672 933 777 1013 aliqua
790 938 905 996 statuta
919 935 1069 1011 condere,

15 1093 16 1118 3
99 1027 673 1109 praeterpraejudiciumauetoritatis.

218 1345 220 1350 Ι
490 1251 620 1315 curor
640 1253 682 1314 111

196 1409 375 1462 conclusio
393 1413 435 1462 dc
451 1411 561 1462 torm
575 1411 746 1474 regiminis
762 1411 917 1464 nectemus
934 1412 980 1475 (1).

134 1580 237 1644 Variis
252 1580 486 1660 legislatoribus
506 1579 674 1652 distinctis,
692 1579 768 1642 inde
786 1580 909 1642 facilius
925 1579 1070 1660 intelligi·

99 1683 146 1740 tur
169 1680 276 1759 qualis
299 1681 340 1741 sit
359 1681 462 1741 forma
482 1677 646 1758 regiminis
665 1677 887 1753 eeclesiastioi;
908 1695 983 1738 nam
1003 1677 1072 1740 haec

99 1776 197 1838 forma
214 1778 416 1856 specificatur
430 1795 468 1840 ex
487 1775 630 1856 subjecto
648 1777 681 1837 in
699 1794 763 1856 quo
782 1781 921 1854 potestas
943 1777 1069 1840 residet.

132 1876 154 1936 Ι.
169 1875 360 1956 dejiciuntur
368 1874 446 1956 salso
455 1882 626 1956 systemata.
641 1877 680 1920 -’-
692 1873 866 1954 Regiminis
879 1875 989 1937 formae
1000 1881 1074 1938 sunt

98 1974 291 2054 monarchia,
309 1959 517 2052 aristocratia,
538 1971 745 2038 democratia.
762 1973 906 2052 regimen
925 1973 1070 2038 mixtum.
1153 2017 1157 2024 -

97 2069 268 2132 Menocrito
279 2071 397 2132 dieitur
417 2088 577 2132 summum
587 2071 759 2150 imperium
777 2071 863 2150 quod
876 2072 959 2150 apud
974 2089 1073 2132 unum

97 2173 153 2232 est.
168 2169 377 2232 Aristocraten
385 2186 503 2230 nomen
517 2167 661 2248 designat
670 2167 885 2248 principatum
898 2168 930 2230 in
940 2169 1073 2248 optima·

96 2265 176 2327 tibus
191 2268 364 2348 vigentem.
380 2267 595 2329 democratiam
606 2273 720 2328 vocant
735 2267 950 2347 principatum
964 2267 1019 2346 qui
1034 2268 1073 2329 ab

96 2363 241 2427 universo
264 2366 383 2446 populo
404 2365 596 2444 possidetur.
621 2365 761 2445 Bepc’men
777 2365 907 2426 mictum
925 2364 1004 2426 illud
1026 2367 1073 2426 est

15 2513 16 2518 ,
96 2463 178 2540 quod
195 2479 234 2524 ex
249 2462 420 2542 multiplici
432 2463 535 2526 forma
547 2444 754 2541 temperatur.

131 2561 280 2622 Jamvero
292 2563 323 2622 1ο
339 2561 492 2640 Regimen
500 2560 652 2622 Ecclesiae
664 2565 786 2644 nonest
798 2559 1087 2636 democraticum.

15 2673 17 2746 g
96 2659 144 2720 hic
159 2659 222 2720 init
238 2676 327 2722 error
341 2677 406 2720 non
420 2664 543 2720 tantum
557 2659 816 2736 Protestantium,
834 2657 1003 2720 sedetiam
1020 2659 1074 2720 Ri-

16 2747 17 2774 l
96 2757 195 2818 eherii
212 2762 243 2820 et
253 2757 503 2820 lansenistarum
516 2749 571 2836 qui
585 2758 762 2819 docuerunt
771 2761 962 2835 potestatem
972 2757 1074 2818 ccele-

15 2861 16 2864 ’
96 2856 257 2918 siasticam
268 2855 444 2928 Christiano
457 2857 577 2936 populo
589 2857 738 2919 traditam
748 2873 827 2920 esse.
840 2856 1026 2919 contutatur
1036 2871 1075 2916 ex

15 3007 16 3014 ,
97 2969 133 3014 eo
150 2953 240 3032 quod
253 2954 347 3015 detur
356 2953 426 3033 jure
442 2955 548 3032 divino
564 2955 736 3016 discrimen
750 2954 965 3022 interelerum
980 2957 1010 3014 et
1020 2968 1075 3031 po·

96 3053 220 3130 pulum,
236 3051 321 3114 inter
336 3052 510 3114 Ecclesiam
525 3059 689 3134 regentem
704 3060 736 3116 et
754 3053 930 3114 Ecclesiam
944 3051 1075 3114 audien·

96 3155 172 3212 tem.
189 3149 337 3212 Proiecto
347 3149 685 3214 hierarchiadirinitus
696 3151 849 3225 instituta,
860 3154 931 3240 tum
941 3149 1073 3228 ordinis,

98 3253 163 3310 tum
175 3247 411 3328 jurisdictionis
424 3249 575 3311 abhorret
586 3249 626 3310 ab
639 3251 712 3312 idea
727 3247 942 3312 democratia.

133 3351 166 3408 2⁰
187 3349 297 3424 Neque
314 3347 457 3426 regimen
471 3347 623 3410 Ecclesia
636 3364 722 3410 mere
738 3347 991 3410 aristocratieum
1006 3352 1073 3426 est3

127 3514 163 3579 p)
175 3513 288 3572 aurasio,
300 3514 373 3564 nmo
384 3515 509 3578 perticae
521 3503 636 3580 inpiae,
647 3514 711 3568 unt
726 3521 752 3567 a
763 3516 796 3568 n.
814 3542 845 3556 -
856 3515 988 3580 Tarquini,
1001 3513 1077 3566 laste

100 3593 287 3658 tutionesp'arc's
297 3593 407 3659 publici
417 3596 462 3648 lib.
477 3597 511 3648 lla

946 3681 973 3738 t.
