2604 4270
233 143 266 187 aa
399 137 556 184 uxrosrrro
577 117 753 208 unruouren
774 137 857 182 rums
879 137 1036 184 cruorum.

273 259 324 319 ΙΙΙ.
345 254 459 336 Corpus
468 253 645 344 episcopata
656 286 696 296 —
709 253 797 314 Licet
817 256 928 316 Petrus
941 255 1114 334 primatum
1130 257 1217 318 obti-

234 355 315 428 nuit,
340 371 405 415 non
439 358 547 413 tamen
568 351 653 412 solus
677 353 832 429 potestate
860 353 1013 430 praeditus
1047 358 1106 415 est.
1134 355 1218 415 Nam

237 453 332 516 etiam
356 451 525 528 Apostolos
551 450 646 542 Petro
671 449 858 527 conjunctos
883 450 1025 512 Christus
1054 457 1217 532 potestate

232 547 389 624 instruxit,
407 564 443 608 ea
465 549 572 606 tamen
591 545 670 622 lege,
697 549 732 606 ut
752 546 936 613 auctoritati
963 548 1081 626 Capitis
1105 551 1215 628 quoad

233 638 325 709 usum
349 663 413 707 suae
435 641 600 722 potestatis
629 647 733 704 esseut
752 642 898 722 subjecti.
922 645 957 706 In
982 647 1217 723 Apostolorum

233 762 307 808 vero
320 744 428 804 locum
444 739 596 802 successit
610 756 727 818 corpus
743 741 990 820 Episcoporum.
1087 799 1091 805 .

274 844 343 904 Huc
355 841 534 901 referuntur
556 837 671 899 Christi
689 837 785 899 verba
806 839 922 916 quihus
942 843 1114 918 Apostolos
1137 843 1217 902 uni-

234 940 349 1004 versim
366 943 397 1000 et
417 936 614 1014 conjunctim
635 953 708 996 cum
735 937 829 996 Petro
844 937 1037 1014 alloquitur:
1062 939 1217 1014 Quaeram-

234 1056 289 1120 qae
306 1033 536 1116 alliqoveritr's...
560 1033 621 1113 (l);
645 1033 714 1114 qu
725 1033 809 1092 mitto
830 1051 879 1094 vos
890 1033 955 1115 (2);
982 1035 1063 1096 Doto
1081 1037 1221 1097 ostroldi

235 1133 327 1195 omnis
339 1139 507 1213 potestas..
525 1130 640 1190 Euotes
654 1129 783 1192 docete...
796 1129 865 1210 Epo
877 1131 1020 1194 vobiscum
1042 1153 1144 1196 aum...
1160 1134 1214 1214 (3).

274 1231 383 1310 ltaque
399 1231 548 1292 Summus
573 1229 716 1290 Pontifex
739 1238 871 1290 nonest
894 1229 1025 1292 unicum
1047 1232 1217 1309 potestatis

236 1327 567 1406 claviumsubjectum,
583 1325 741 1404 siquidem
757 1326 827 1388 haec
840 1332 979 1407 potestas
1000 1346 1065 1390 non
1079 1329 1133 1389 uni
1146 1335 1218 1390 tan-

235 1431 304 1488 tum
319 1427 446 1506 (Petro),
463 1427 517 1488 sed
534 1432 565 1488 et
577 1424 688 1484 unitati
707 1441 762 1486 seu
782 1425 918 1504 collegio
938 1426 1113 1504 apostolico
1132 1425 1216 1486 divi-

237 1525 319 1588 nitus
335 1525 406 1586 data
423 1530 480 1586 est.
493 1524 599 1584 Claros
614 1521 768 1583 aChristo
783 1523 837 1582 uni
861 1524 942 1584 datae
955 1528 1039 1597 sunt,
1063 1521 1136 1600 quia
1149 1522 1218 1602 pri·

236 1627 338 1684 matus
352 1623 385 1682 in
401 1625 494 1683 Petro
505 1621 670 1682 institutus
679 1625 736 1682 est.
747 1622 834 1681 Datae
846 1625 919 1680 sunt
928 1620 1055 1694 unitati3
1073 1625 1216 1700 poteslas

236 1719 320 1779 enim
333 1718 460 1796 publica
472 1723 503 1779 et
515 1717 650 1780 rectoria
664 1717 696 1777 in
716 1717 879 1796 Apostolis
893 1735 911 1778 a
926 1716 1052 1780 Christo
1067 1717 1216 1780 instituta

237 1819 293 1876 est.
327 1814 462 1876 Unitatis
498 1814 629 1874 nomine
665 1809 773 1876 Patres
804 1815 1001 1892 compellunt
1037 1814 1215 1893 Episcopos

238 1914 273 1974 R.
288 1911 435 1973 Pontifici
455 1912 656 1989 conjunctos,
683 1911 736 1989 qui
750 1910 914 1972 Ecclesium
931 1909 1077 1972 doeerrtem
1094 1931 1144 1972 seu
1168 1931 1216 1972 re-

236 2016 348 2088 pentem
371 2007 523 2070 efficiunt,
549 2010 595 2068 lta
610 2008 831 2086 intelliguntur
851 2009 946 2070 verba
972 2010 1004 2071 S.
1027 2010 1214 2088 Augustini:
1285 2009 1286 2012 ’

243 2125 257 2162 u
280 2102 387 2167 Claros
413 2124 477 2168 non
499 2105 597 2168 homo
619 2123 709 2180 unus,
744 2107 798 2167 sed
823 2107 928 2169 unitas
955 2107 1080 2186 aceepit
1103 2107 1217 2168 Eccle-

239 2203 294 2264 siae
309 2203 392 2282 (4).»
1209 2189 1211 2192 ’

241 2372 245 2392 Ι
279 2298 310 2360 Si
327 2299 380 2360 uni
403 2305 527 2362 tantum
549 2299 637 2362 datas
658 2300 759 2362 claves
780 2300 969 2373 diceremus,
987 2305 1125 2379 potestas
1141 2302 1217 2380 Epi-

239 2414 409 2476 scoporum
423 2399 573 2458 duntaxat
585 2397 699 2458 vicaria
712 2399 900 2476 etdelegata
913 2398 1084 2459 rideretur.
1095 2397 1129 2458 Si
1141 2395 1216 2456 uni-

239 2497 296 2558 tati
320 2501 444 2556 tantum
468 2497 555 2559 datas
576 2496 675 2557 claves
704 2494 894 2571 diceremus,
920 2496 1045 2558 sublato
1071 2495 1216 2557 Primatu

240 2587 437 2654 aristocratia
451 2593 590 2672 perfecta
599 2593 813 2655 induceretur.
835 2595 966 2666 Quando
980 2611 1054 2656 vero
1066 2595 1167 2656 claves
1185 2599 1217 2654 et

240 2691 294 2752 uni
323 2695 354 2751 et
375 2689 487 2750 unitati
515 2694 695 2750 statuuntur
716 2709 734 2750 a
763 2689 887 2752 Christo
912 2691 1004 2766 datae,
1027 2689 1217 2770 intelligitur

240 2791 268 2850 l.
286 2787 443 2848 Primatus
455 2787 682 2867 jurisdictionis
699 2787 732 2848 in
747 2805 929 2851 successore
953 2789 1037 2850 Petri
1064 2793 1096 2850 et
1123 2788 1217 2852 Vica-

239 2885 288 2946 rio
311 2885 445 2966 Christi3
470 2891 499 2946 1.
527 2891 664 2964 potestas
688 2887 817 2964 publica
838 2892 869 2949 et
888 2887 1024 2948 rectoria
1050 2904 1087 2948 ex
1108 2886 1215 2948 divina

238 2983 436 3047 institutione
454 2985 595 3062 prolecta
618 2985 650 3044 iu
665 2985 840 3064 llpiscopos
863 3002 1061 3048 successores
1080 2988 1216 3062 Aposto

238 3081 361 3156 lorum3
379 3085 408 3144 3.
431 3082 648 3144 subordinatio
667 3083 759 3161 hujus
772 3085 936 3162 potestatis
956 3101 1030 3163 erga
1041 3083 1216 3146 'auctorita-

240 3181 305 3239 tem
320 3179 447 3256 Capitis,
458 3180 596 3264 sineque
613 3179 875 3243 subordinatione
889 3181 957 3260 ipse
976 3182 1135 3244 Primatus
1155 3183 1216 3242 tol·

239 3273 368 3368 leretur.
394 3350 401 3360 ³
465 3319 467 3324 .

271 3403 301 3468 (1)
313 3403 401 3454 llattlr‘.
416 3418 486 3465 xvru,
504 3412 541 3458 18.
562 3437 592 3446 -
609 3412 641 3472 (2)
650 3412 722 3462 toan.
740 3425 783 3472 xx,
799 3414 841 3462 21.
856 3437 888 3448 -
904 3413 936 3474 (3)
949 3411 1035 3461 Matth.
1061 3407 1152 3473 xxvin,
1172 3411 1213 3460 18.

235 3485 345 3550 -(1)8.
359 3485 462 3546 August.
476 3486 555 3536 Serm.
570 3491 626 3539 295.
