2604 4270
452 317 527 364 PARS
548 315 727 364 annuntius.
1043 309 1078 356 89

112 433 187 496 Petri
209 449 399 508 successor,
423 432 573 512 Episcopi
605 449 679 495 vero
703 436 856 508 tauquam
880 444 1080 492 successores

114 533 331 612 Apostolorum
344 536 567 610 agnoscuntur.

257 717 273 782 ς
286 717 314 770 2.
331 743 361 756 -
378 715 506 784 Episcopi
518 727 698 770 successoros
709 713 911 782 Apostolorum.

143 873 166 922 l.
177 865 291 938 Singuli
303 867 441 940 Apostoli.

141 957 165 1011 t.
176 955 307 1030 Episcopi
323 957 493 1014 dioecesani.

355 1137 468 1197 Qunsrro
486 1141 520 1188 1¹.
535 1163 566 1174 —
580 1137 681 1188 Srncom
693 1147 820 1186 arosrour.

142 1290 209 1352 Duo
220 1291 505 1368 suntattendenda,
516 1289 979 1370 videlicetipsiusApostolatus
990 1287 1078 1366 origo

109 1387 218 1464 divina,
245 1393 277 1450 et
302 1387 498 1466 singulorum
512 1389 738 1468 Apostolorum
764 1391 903 1468 potestas
928 1385 1077 1448 subordi-

109 1503 143 1545 ua
175 1533 182 1548 .

139 1493 369 1664 iiApostclotus
390 1583 472 1664 oripo
495 1581 606 1645 divino.
633 1615 672 1629 -
698 1582 839 1645 Christus
863 1599 927 1644 non
952 1586 1077 1644 tanturn

107 1680 237 1743 instituit
274 1681 443 1760 collegium
473 1680 708 1759 apostolicum;
736 1681 791 1742 scd
817 1679 912 1741 etiam
938 1678 1079 1760 singulos

106 1777 270 1855 Apostolos
292 1777 360 1856 ipsc
376 1778 473 1854 misit,
490 1795 607 1856 eosque
622 1777 728 1856 aliqua
742 1781 897 1856 potestate
909 1769 1074 1850 linstruxit,

106 1873 209 1936 diceus
233 1894 240 1936 :
261 1873 375 1936 Euates
399 1875 530 1937 docete...
559 1873 611 1957 (l).
639 1876 716 1938 lude
743 1874 961 1954 intelliguntur
989 1874 1076 1936 Pauli

105 1972 194 2036 verba
215 1991 223 2034 :
238 1972 301 2034 Pro
313 1965 431 2034 Christo
443 1973 582 2054 legatione
595 1973 750 2055 sangrinus
763 1975 820 2056 (2);
838 1973 953 2036 Paulos
966 1982 1077 2056 aposto-

105 2068 144 2131 tas
148 2091 207 2152 per
216 2071 314 2132 Jesum
326 2069 477 2132 Christum
489 2072 542 2150 (3).
555 2071 654 2152 Igitur
665 2071 796 2152 singulis
808 2071 1077 2150 Apostolisinerat

106 2169 251 2245 quaedam
267 2172 406 2246 potestas
421 2170 513 2230 abeo
528 2167 653 2230 tradita.

138 2265 175 2327 ll.
191 2263 403 2326 Sudordinotio
422 2263 506 2326 c‘sts'os
520 2265 683 2346 potestatis.
706 2267 815 2330 Unilas
830 2283 848 2327 a
861 2265 984 2328 Christo
997 2282 1075 2328 eon-

103 2361 209 2424 stituta
223 2361 385 2441 poscebat,
401 2367 436 2424 ut
446 2361 589 2442 Apostoli
604 2367 734 2428 Petrum
749 2371 898 2444 tanquam
911 2369 1006 2443 caput
1020 2366 1077 2426 Ec-

103 2461 205 2522 clesiae
231 2465 448 2540 agnoscerent.
476 2461 557 2523 Hinc
583 2463 637 2524 illa
664 2468 815 2541 poteslas
846 2461 922 2541 ipsis
944 2463 1075 2541 singulis

103 2575 261 2636 concessa,
282 2558 489 2622 subordinate
509 2565 575 2622 crat
585 2561 805 2640 {jurisdictioni
818 2561 958 2642 supremi
972 2567 1077 2640 pasto·

102 2677 151 2719 ns.
962 2691 964 2696 ·

136 2753 305 2834 Ejusmodi
319 2754 541 2834 dependentia,
559 2775 631 2836 quae
645 2756 685 2819 ab
704 2755 902 2819 institutione
920 2755 1077 2818 Primatus

104 2853 317 2930 proveniebat,
335 2852 374 2914 ab
390 2854 550 2932 Apostolis
567 2855 732 2918 observata
745 2855 821 2931 fuit3
836 2855 870 2916 iu
884 2857 969 2916 bunc
979 2856 1074 2916 finem

100 2947 160 3011 illis
181 2951 369 3013 attribuitur
384 2952 500 3030 duplex
525 2955 732 3034 praerogativa
751 2954 936 3034 personalis,
961 2968 1077 3030 nempe

99 3048 308 3111 infallibilitas
325 3049 359 3110 in
376 3051 438 3112 lide
459 3055 492 3112 et
513 3051 771 3116 indefectibilitas
794 3053 827 3114 in
842 3053 1005 3114 charitate.
1023 3051 1078 3112 His

98 3147 316 3227 praerogativis
345 3147 464 3222 donati,
483 3148 638 3229 quidquid
663 3151 809 3230 agebant,
838 3150 917 3212 illud
944 3147 1078 3229 agebant

99 3262 171 3308 oum
184 3264 317 3308 assensu
329 3247 524 3324 auctoritatis
534 3265 705 3328 supremam
723 3267 795 3328 quae
802 3248 916 3329 agendi
926 3249 1006 3312 ratio
1017 3248 1077 3312 luit

98 3341 243 3424 ipsorum
257 3345 495 3407 successoribus
514 3364 637 3409 norma.

135 3442 269 3504 Duobus
279 3443 441 3524 praecipue
456 3444 559 3505 modis
575 3445 720 3524 Apostoli
735 3445 905 3526 primatum
924 3446 1009 3508 Petri
1025 3463 1078 3508 co·

102 3591 285 3724 saiwam.)
298 3607 370 3646 xvru.
390 3619 420 3630 —-
438 3595 481 3658 (2).
507 3593 554 3658 np.
573 3599 597 3658 2,
620 3594 652 3646 ad
671 3595 797 3660 Corinth„
812 3609 837 3659 v,
856 3601 895 3650 20.
913 3622 944 3635 -
966 3597 999 3658 (³)
1026 3597 1073 3658 Ep.

193 3706 217 3738 .,
236 3689 256 3736 r,
269 3679 295 3726 1.
