2588 4272
425 234 497 280 PARS
518 234 699 281 GENERALIS.
1022 228 1057 278 89

90 368 175 412 usum
188 351 352 414 habentes.
370 351 403 414 Si
417 352 600 431 hujusmodi
612 349 808 432 principium
816 349 881 430 juri
901 347 1058 412 canonico

89 449 286 528 applicemus,
301 450 492 528 proponitur
502 451 572 512 haec
586 451 694 530 regula
708 468 716 511 ε

124 547 245 628 Lepidos
256 547 694 630 da'sea'plz'ccribuseobjica'oator
703 545 893 608 omaeaetsola'
903 527 1061 628 baptizoti:

89 663 204 724 quoram
221 646 316 706 stotaa'
322 647 551 727 proportionata
562 655 605 708 est
619 647 667 708 lec
680 644 880 707 ecclesiastico.

123 744 210 806 Ratio
230 749 287 821 est,
306 746 447 826 quiajos
466 746 657 808 canonicum
678 750 725 806 est
743 742 922 822 complexio
945 742 1054 821 legum

90 843 367 906 ecclesiasticarum
388 844 503 924 quibus
518 845 686 908 Christiani
707 843 889 922 diriguntur
902 843 940 904 ad
958 843 1055 904 finem

89 944 363 1020 supernaturalem.
380 943 478 1022 Igitur
492 943 603 1004 eadem
615 942 807 1022 obligatione
823 959 885 1020 qua
908 949 1057 1002 tenemur

89 1039 123 1100 ad
139 1041 234 1102 finem
253 1041 404 1104 ultimum
421 1042 553 1103 tendere
572 1039 605 1102 in
620 1039 771 1116 Ecclesia,
789 1037 940 1118 jubemur
959 1038 1055 1100 etiam

89 1137 192 1200 unitati
210 1139 363 1202 Ecclesiae
388 1139 561 1214 adhaerere,
580 1139 728 1218 illiusque
747 1135 868 1216 legibus
890 1136 1056 1216 obtempe-

89 1253 160 1298 rare.

121 1336 170 1396 lll.
185 1333 361 1398 Corollaria.
383 1368 422 1382 -
448 1338 476 1397 l.
498 1335 645 1397 lnfldeles
656 1333 780 1413 legibus
796 1332 1054 1412 disciplinaribus

89 1448 145 1492 non
171 1431 363 1510 subduntur,
382 1433 540 1514 siquidem
558 1451 624 1495 non
638 1437 713 1494 saint
732 1429 883 1494 Ecclesiae
897 1431 1052 1494 membra.

122 1533 147 1594 ἓ.
160 1531 322 1608 Haeretici,
335 1531 478 1611 quamvis
489 1533 552 1594 sint
561 1531 705 1609 rebelles,
716 1532 867 1594 Ecclesiae
887 1529 1054 1610 subjacent

90 1629 200 1692 ratione
212 1629 374 1709 baptismi.

122 1731 148 1790 3.
160 1729 319 1808 Perpetuo
330 1735 470 1792 amentes
480 1729 603 1811 legibus
613 1729 759 1792 humanis
772 1728 866 1809 dirigi
878 1732 1051 1810 nequeunt.

88 1831 228 1888 tuentes
243 1828 282 1888 ad
297 1833 424 1908 tempus
440 1833 641 1891 excusantur.
1091 1898 1093 1901 .

118 1925 144 1982 l.
158 1923 253 1982 Pueri
267 1941 366 1985 annos
389 1925 590 1988 discretionis
604 1925 723 2005 adepti,
749 1927 788 1988 ad
813 1943 859 2002 ee,
887 1943 959 2008 quae
982 1923 1052 1988 illo·

87 2035 147 2079 rum
159 2019 246 2082 aetati
261 2022 463 2098 conveniunt,
479 2015 670 2103 obligantur.

117 2120 142 2180 5.
165 2119 342 2200 Peregrini,
362 2121 483 2200 legibus
510 2122 641 2202 quidem
666 2119 889 2184 communibus
918 2120 1050 2198 subditi,

87 2221 147 2278 sunt
157 2217 343 2278 immunesa
352 2217 473 2298 legibus
481 2219 738 2298 particularibus,
748 2220 812 2303 sive
823 2220 872 2282 sui
884 2218 1048 2295 territorii,

87 2313 140 2377 sive
152 2317 212 2378 loci
227 2316 263 2376 in
280 2335 343 2397 quo
356 2323 530 2380 versantur.

85 2501 231 2562 crasson.
245 2527 271 2538 —
286 2503 375 2554 ornan
389 2517 519 2556 onareearo
535 2517 644 2556 ananam
660 2517 841 2558 asnaanoaou
853 2515 1044 2558 accurrerunt.

117 2645 252 2726 [ltleges
262 2645 437 2726 pontificiae
451 2647 515 2710 vim
528 2647 688 2728 obligandi
702 2647 849 2725 habeant,
864 2666 930 2710 non
944 2647 1049 2728 requi·

85 2739 153 2805 ritnr

113 2880 137 2932 l.
148 2879 316 2950 deceptatio
331 2879 473 2937 fidelium.

111 2968 136 3022 2.
148 2968 315 3040 deceptatio
331 2968 508 3041 Principum,
523 2985 574 3026 seu
584 2971 714 3042 placitum
724 2971 835 3041 replum.

111 3058 135 3111 3.
147 3057 315 3130 acceptatio
327 3059 470 3130 Episcopi,
484 3059 539 3116 uisi
552 3059 682 3119 Pontifex
695 3058 881 3116 consenserit.

107 3213 125 3265 l.
138 3217 268 3266 —Utrum
285 3217 351 3278 leges
367 3217 482 3268 Ecclesiae
495 3218 620 3280 pendeant
629 3219 661 3268 ab
672 3217 840 3282 acceptatione
851 3214 1016 3281 ddeliumtlt.
1111 3280 1113 3284 Ι

113 3351 133 3413 l.
152 3354 254 3432 Leges
277 3369 384 3432 perse
408 3369 473 3414 non
486 3352 667 3448 pendente
689 3351 800 3434 populi
817 3349 1046 3432 acceptatione.

108 3519 136 3581 (1)
151 3521 274 3580 ldasebat,
290 3519 468 3569 institutiones
476 3519 684 3584 joriacauoaica',
696 3520 740 3572 lib.
755 3518 777 3583 l,
797 3519 838 3572 tit.
859 3522 885 3570 2.
900 3545 929 3594 7-
945 3518 1057 3576 Saurea,¹

86 3595 286 3664 accepitne-lib.
310 3599 349 3660 lll,
365 3615 423 3662 cap.
442 3603 483 3651 16.
