2626 4258
444 353 517 434 rans
539 379 703 436 sederitis.
816 391 818 398 ’

274 582 306 635 ll.
324 609 354 620 —
369 582 535 634 cardinalium
548 586 640 636 creatio
649 592 675 636 et
685 587 865 650 praerogativo.

411 741 432 788 l.
442 738 540 789 Creatio
554 739 732 791 cardinalium.

121 893 146 953 l.
166 891 221 952 lus
230 891 350 954 creandi
363 891 535 955 cardinales
548 895 588 955 ad
604 896 771 957 Summum
786 895 975 957 Pontillcem
989 913 1062 974 per-

80 990 173 1052 tinet.
195 991 289 1052 Juxta
309 991 482 1054 concilium
506 993 728 1055 Tridentinum
747 993 800 1073 (l),
821 1000 976 1072 quantum
993 993 1060 1055 fieri

79 1093 199 1169 potest,
215 1096 309 1168 prout
323 1089 431 1152 idonei
444 1091 654 1170 reperiuntur,
672 1109 709 1152 ex
721 1089 868 1152 omnibus
881 1091 1061 1152 christiani·

79 1189 155 1250 tatis
177 1183 357 1251 nationibus
379 1197 589 1253 assumentur.
606 1191 681 1252 ideo
696 1189 856 1270 guberniis
879 1189 1058 1251 christianis

79 1304 270 1349 concessum
301 1294 348 1350 est
373 1289 573 1369 privilegium
600 1289 775 1368 plurespel
802 1306 901 1350 unum
917 1306 1056 1369 praesen·

78 1386 180 1449 tandi.

119 1485 159 1546 II.
182 1483 272 1546 Dotes
281 1484 311 1546 ia
325 1484 531 1548 cardinalibus
543 1485 703 1568 requisitae.
718 1519 758 1531 -
772 1484 897 1564 Duplici
910 1485 959 1547 via
973 1487 1056 1547 Pon·

77 1583 158 1646 tifex
168 1591 255 1646 creat
266 1585 460 1658 cardinales,
472 1587 518 1647 vel
530 1585 728 1664 plenitudine
739 1584 914 1664 potestatis,
931 1585 1058 1664 quando

77 1683 204 1762 regulas
224 1699 310 1752 mere
324 1683 494 1745 canonicas
512 1683 642 1761 omittit,
664 1685 713 1746 vel
733 1685 772 1745 do
790 1683 863 1763 jure
883 1683 1055 1760 ordinari0,

79 1798 154 1844 cum
170 1781 298 1842 easdem
313 1781 468 1844 observat.

118 1879 298 1942 Concilium
313 1879 532 1942 Tridentinum
548 1879 691 1944 de'cernit
703 1881 766 1962 (ῆι
786 1901 800 1938 n
812 1898 847 1942 ea
865 1880 972 1942 omnia
986 1898 1056 1960 quae

78 1977 365 2057 deEpiscoporum
386 1977 663 2066 praeficiendorum
689 1978 761 2053 vita,
786 1983 888 2054 aetate,
912 1979 1058 2041 doctrina

76 2082 110 2139 et
134 2077 260 2139 coeteris
283 2076 487 2156 qualitatihus
511 2077 682 2140 constituta
701 2082 784 2152 sunt,
809 2076 904 2138 etiam
920 2077 951 2136 in
967 2095 1056 2139 crea-

75 2177 166 2238 tione
189 2175 402 2237 cardinalium
425 2175 636 2255 exigenda...
664 2175 747 2237 Nihil
775 2175 875 2255 magis
905 2173 1056 2237 Ecclesiae

76 2273 133 2336 Dei
148 2291 216 2336 esse
230 2274 455 2345 necessarium,
473 2271 930 2352 quamut.RomanusPontiiex
942 2273 1057 2335 sollici·

76 2371 224 2433 tudinem
237 2371 412 2450 impendat,
427 2371 659 2432 allectissimos
671 2375 793 2431 tantum
805 2369 866 2430 sibi
876 2371 1056 2434 cardinales

76 2469 247 2532 adsciscat.
261 2489 275 2526 r
289 2468 426 2530 Proinde
436 2468 563 2529 illorum
575 2468 665 2530 doles
675 2467 889 2529 iuternaesunt
900 2467 1053 2545 doctrina,

80 2568 195 2648 pietas,
209 2568 390 2647 prudentia,
402 2568 497 2640 zelus,
515 2566 703 2638 constantia,
720 2571 781 2628 etc.
847 2599 852 2612 ι

117 2667 165 2728 Ex
181 2665 419 2728 conditionibus
434 2665 582 2742 externis,¹
599 2666 637 2726 ad
654 2663 888 2737 Cardinalotum
903 2681 967 2726 non
980 2682 1056 2743 pro·

76 2770 277 2838 moveantur,
294 2769 411 2844 praeter
419 2765 589 2845 regulares,
606 2763 652 2824 illi
667 2763 722 2844 qui
738 2763 842 2842 primo
856 2763 902 2824 vel
916 2763 1056 2825 seeundo

77 2849 362 2939 consanguinitatis
376 2863 473 2941 gradu
489 2862 583 2924 alicui
599 2862 756 2925 cardinali
766 2860 882 2924 viventi
893 2857 1056 2940 conjuncti

76 2970 161 3039 suut,
178 2961 230 3024 vel
254 2965 416 3039 nequeunt
431 2959 576 3022 ordinem
592 2962 703 3041 gradui
719 2966 953 3040 competentem
975 2959 1057 3021 intra

74 3077 195 3122 annum
218 3058 391 3138 suscipere,
417 3059 466 3122 vel
491 3075 610 3122 mcum
635 3063 704 3138 Ψ,
727 3061 805 3137 25¹²,
830 3061 890 3122 30¹²
911 3057 1056 3120 nondum

75 3158 244 3223 consecuti
261 3160 312 3236 (3).

116 3259 168 3320 ΙΙΙ.
186 3255 297 3318 Forma
313 3253 474 3317 erectionis.
490 3289 530 3300 —
546 3254 582 3318 In
604 3253 734 3316 diversis
758 3254 973 3327 consistoriis,
993 3255 1056 3317 Ro-

75 3338 191 3418 marrus
205 3355 350 3416 Pontifex
363 3355 451 3434 eligit
462 3372 560 3416 novos
572 3352 765 3424 cardinales,
783 3369 919 3432 quorum
929 3352 1057 3415 nomina

75 3453 125 3516 vel
141 3451 271 3532 publice
285 3453 406 3532 profert
417 3453 465 3514 rel
480 3451 651 3530 aliquando
666 3450 784 3515 relinet
796 3451 826 3514 in
833 3459 962 3535 pectore.

109 3602 144 3663 (1)
158 3601 227 3651 sess.
243 3598 332 3662 XXIV,
342 3613 396 3664 rap.
408 3613 427 3662 1,
439 3598 469 3650 de
479 3598 590 3662 Reform.

106 3684 140 3744 (2)
159 3679 222 3731 lund.

106 3763 142 3828 (a)
156 3761 220 3815 Slxti
235 3761 255 3814 V
268 3759 415 3815 constitutio
429 3758 573 3824 Postquam.
