2626 4258
425 309 499 356 rsus
521 308 684 378 erasmus.

293 595 295 602 Α
354 518 390 572 ll.
408 546 438 563 -
451 520 489 572 lle
502 519 599 572 vicario
609 521 752 584 capitulari.

102 678 130 730 i.
146 675 214 744 Eius
227 673 341 732 electio.

101 767 132 820 2.
147 762 226 820 lilius
240 767 376 837 potestas.

357 978 380 1025 t.
392 975 485 1026 Elecdo
494 974 586 1026 vicarii
601 974 753 1039 capitularis.

107 1147 133 1208 1.
149 1143 309 1207 Necessitas
321 1143 410 1226 liujus
423 1145 577 1208 electionis.
596 1144 741 1218 Quamvis
754 1144 896 1208 ecclcsiae
910 1145 1044 1210 viduatae

66 1244 211 1324 regimen
224 1247 261 1306 ad
289 1245 472 1308 universum
495 1245 670 1324 capitulum
694 1249 827 1323 spectet,
845 1245 912 1324 ejus
936 1249 1044 1306 tamen

65 1343 299 1406 administratio
313 1343 464 1424 singulari
476 1360 620 1421 personae
634 1343 866 1404 committenda
877 1346 935 1404 est.

33 1427 37 1438 ¹
108 1441 267 1520 Equidem
288 1441 345 1502 ista
359 1441 541 1520 J'urisdictio
565 1441 776 1519 capitulorum
790 1440 866 1502 olim
877 1456 936 1520 per
949 1455 1044 1500 cano·

66 1544 157 1606 nicos
181 1543 215 1602 in
236 1541 399 1604 communi
420 1541 597 1620 gerebatur.
616 1543 735 1603 Verum
758 1542 917 1620 sapienter
935 1541 1044 1604 conci·
1119 1555 1124 1568 ·

65 1643 146 1704 lium
161 1641 382 1704 Tridentinum
397 1641 527 1702 statuit:
551 1661 565 1697 c
588 1640 776 1720 Capitulum,
804 1643 878 1702 sede
901 1646 1042 1716 vacante,

68 1741 313 1810 officialemseu
338 1738 500 1801 vicarium
523 1737 605 1798 inira
631 1743 702 1800 octo
729 1739 796 1800 dies
817 1744 1042 1818 postmortem

64 1838 217 1918 Episcopi
237 1837 432 1900 constituere
453 1836 584 1898 omnino
601 1841 756 1898 teneatur.
774 1835 806 1898 Si
822 1853 912 1901 secus
925 1837 1044 1898 sactum

65 1924 174 2010 fuerit,
200 1936 239 1996 ad
263 1935 544 2016 Metropolitanum
560 1935 723 2014 deputatio
739 1935 922 2013 hujusmodi
938 1936 1046 1997 devol-

68 2041 159 2097 vatur
177 2035 260 2114 (1).»
601 2054 603 2056 ·

108 2136 154 2196 Ex
168 2135 282 2196 eodem
296 2135 437 2206 decreto,
456 2133 643 2212 capitulum,
659 2130 714 2194 uhi
730 2150 805 2195 cura
818 2135 1046 2214 temporalium

68 2233 96 2294 ei
122 2231 289 2308 incumbit,
310 2248 513 2293 oeconomum
536 2249 636 2291 unum
656 2233 704 2290 vel
732 2233 839 2309 plures
863 2234 963 2313 eligit,
989 2234 1044 2312 qui

67 2341 174 2395 rerum
186 2325 473 2394 ecclesiasticarum
486 2341 591 2385 curam
603 2328 723 2402 gerant.

107 2425 146 2485 ll.
164 2421 488 2504 Ancapc'tnlnmpcssc‘t
494 2419 599 2500 plures
610 2419 733 2480 vicarios
745 2419 896 2502 deputare.
962 2496 965 2504 1

107 2525 134 2584 1.
151 2523 212 2585 Ubi
221 2540 286 2583 non
300 2521 382 2601 viget
392 2519 589 2582 consuetudo
600 2519 777 2597 praesertim
790 2504 1042 2596 immemorialiS,

68 2625 248 2700 nonpotest
268 2620 443 2699 capitulum
459 2617 652 2680 constituere
674 2617 735 2676 uisi
756 2636 854 2680 unum
868 2621 1041 2684 vicarium.

68 2719 159 2781 Ratio
174 2723 232 2794 est,
248 2719 322 2797 quia
334 2719 385 2779 lex
405 2715 599 2791 Tridentina,
625 2732 695 2792 quse
711 2716 875 2795 regiminis
889 2719 1044 2781 unitatem

68 2818 203 2894 inducit,
227 2819 408 2880 eluderetur
427 2817 454 2877 si
476 2817 595 2897 dejure
619 2815 783 2880 communi
805 2815 916 2878 liceret
938 2818 1044 2896 plures

66 2917 355 2996 Vicarioseligere3
383 2933 494 2977 omnes
521 2916 606 2978 enim
631 2914 780 2978 canonici·
803 2916 954 2978 constitui
970 2935 1045 2996 pos-

68 3020 138 3078 sent
157 3015 273 3078 Vicarii
297 3015 511 3094 capitulares;
541 3015 627 3095 quod
646 3015 733 3077 idem
753 3019 838 3076 esset
858 3031 894 3076 ac
919 3015 1044 3082 nullum

66 3113 152 3194 eligi.
786 3173 787 3176 ,

105 3211 240 3273 Accedit
262 3211 443 3274 auctoritas.
469 3211 648 3273 Concilium
670 3211 812 3290 loquitur
836 3209 870 3271 in
893 3210 1045 3290 singulari

65 3305 236 3388 (officialem
263 3327 313 3384 sco
331 3306 498 3385 vicarium),
516 3307 595 3368 dicit
616 3324 690 3368 vero
705 3325 880 3368 (economum
892 3327 983 3367 unum
999 3305 1046 3367 vel

60 3405 172 3486 plures.
186 3405 278 3466 Unde
292 3393 500 3484 congregatio
512 3404 643 3467 Consilii
660 3404 779 3464 decidit
791 3405 876 3466 hune
893 3421 960 3466 esse
971 3404 1044 3465 'iri-

67 3502 191 3564 dentini
206 3503 326 3565 decreti
342 3519 480 3579 sensum,
502 3507 613 3564 utnon
630 3501 731 3581 possit
751 3501 824 3582 eligi
845 3501 906 3562 nisi
931 3501 1044 3564 unicus

95 3683 285 3746 (iptloncilium
295 3683 480 3747 Tridentinum,
495 3697 556 3733 sess.
568 3683 656 3745 xxti,
666 3696 720 3745 cap.
734 3695 785 3731 xvc.
812 3737 814 3742 ,
