2620 4258
180 330 232 378 aas
353 316 509 377 arrosrrro
530 317 709 376 unruonrca
730 317 813 376 turus
832 319 989 379 canonici.

179 449 212 513 Si
227 467 300 511 vero
314 451 448 530 Legatos
463 448 642 528 praesideat,
658 447 831 528 requiritur
839 449 1001 528 pontilicia
1012 449 1160 528 recogni-

177 547 241 620 tio;
258 563 330 608 narn
347 549 474 609 decreta
484 547 613 610 concilii
625 547 792 608 nationalis
805 547 887 608 inter
897 564 1005 610 causas
1019 547 1158 626 majores

178 651 396 722 numerantur,
409 645 546 724 ideoque
556 645 593 708 ad
604 645 751 708 Sanctam
762 646 879 708 sedern
889 646 1053 708 referenda
1069 649 1156 708 sunt.

428 841 481 910 §E
491 871 521 884 -
533 843 571 897 lla
584 843 704 940 concilio
717 843 896 912 provinciali.

219 1000 395 1064 Concilium
406 1001 599 1081 provinciale
608 1006 656 1063 est
666 1001 827 1082 legitimus
839 1005 1022 1077 conventus,
1035 1000 1067 1061 in
1079 1019 1157 1082 quo,

178 1100 371 1184 praesiqente
384 1100 597 1180 Metropolita,
617 1099 767 1180 Episcopi
789 1099 884 1160 unius
899 1098 1072 1178 provincia
1086 1100 1161 1179 jure

180 1197 342 1278 ordinario
365 1202 503 1261 tractant
527 1198 656 1278 negotia
688 1197 903 1261 ecclesiastica
922 1197 1015 1278 hujus
1031 1199 1162 1278 provin-

181 1313 255 1360 crae.

191 1505 196 1514 ·
281 1493 395 1556 Qussuo
408 1498 444 1548 1¹.
461 1521 492 1532 -
505 1493 541 1547 ns
554 1507 741 1546 convocarrorrs
750 1509 858 1547 concurr
871 1507 1052 1549 ruovrrrcrans.

455 1671 477 1718 1.
495 1669 541 1718 Jus
554 1675 580 1718 et
595 1667 704 1718 officium
718 1669 882 1721 convocandi.

221 1824 244 1884 1.
262 1825 288 1884 A
302 1822 462 1902 prioribus
473 1824 599 1886 saeculis
611 1825 753 1888 Ecclesia
763 1801 854 1906 urget
866 1825 1071 1906 obliputioaem
1082 1827 1164 1890 cele·

181 1920 295 1982 brandi
321 1921 456 1983 concilia
483 1922 701 2002 provincialia.
732 1923 910 1987 Concilium
938 1923 1164 1988 Tridentinum

182 2018 291 2081 statuit
305 2017 347 2098 (l)
365 2038 372 2080 :
395 2040 409 2077 a
423 2019 632 2094 l’rovincialia
655 2019 804 2094 concilia,
823 2020 926 2082 sicubi
940 2020 1057 2082 omissa
1075 2025 1160 2098 sunt,

181 2123 382 2180 renoventur.
407 2118 506 2190 Quare
531 2117 780 2196 Metropolitani‚
802 2116 946 2196 quolibet
968 2119 1081 2180 saltem
1104 2117 1164 2180 tri-

183 2215 291 2292 ennio,
317 2233 384 2276 non
410 2214 658 2294 praetermittant
685 2216 843 2296 synodum
870 2215 902 2274 in
927 2216 1088 2294 provincia
1105 2233 1163 2277 sua

182 2329 317 2392 cogere;
333 2330 396 2390 quo
411 2311 560 2392 Episcopi
574 2328 696 2386 omnes,
714 2311 809 2374 etalii
822 2311 876 2392 qui
892 2312 1011 2390 dejure
1022 2315 1070 2374 vel
1083 2331 1165 2376 con-

183 2409 350 2472 suetudine
374 2409 526 2472 interesse
549 2409 679 2487 debent,
699 2410 870 2472 convenire
889 2409 1020 2474 omnino
1033 2416 1167 2474 tenean-

181 2513 243 2570 tur.
261 2530 276 2568 u

221 2607 260 2670 ll.
283 2597 474 2672 convocatio
497 2609 533 2670 lit
559 2607 734 2688 generatim
751 2605 998 2690 aMetropolita‚
1015 2608 1068 2688 qui
1090 2606 1164 2688 jure

183 2706 398 2770 ecclesiastico
410 2711 525 2786 praeest
534 2705 718 2786 provincia.
732 2707 872 2769 Vacante
884 2707 967 2770 Sede
981 2706 1167 2786 Metropoli-

181 2810 265 2878 tarra,
276 2805 324 2866 vel
334 2803 536 2884 Metropolita
545 2803 714 2881 impedito,
728 2805 939 2884 coepiscopus
950 2805 1166 2884 suffraganeus

182 2901 382 2964 ordinatione
397 2901 557 2982 antiquior
569 2900 744 2962 concilium
755 2902 881 2967 indicit.

453 3103 481 3154 2.
497 3098 666 3162 Quinamsint
678 3099 828 3154 convocandi
842 3101 886 3164 (2).

224 3254 352 3344 Triplex
367 3260 571 3343 distinguitur
595 3261 717 3343 species
735 3279 846 3325 eorum
861 3262 914 3341 qui
931 3269 1164 3331 convocantur.

224 3355 249 3417 l.
266 3357 408 3419 Vocanui
423 3363 506 3433 sunt,
530 3358 684 3420 accedero
700 3362 847 3420 tenentur
870 3362 903 3419 et
917 3372 1027 3418 vocem
1047 3359 1171 3421 decisi·-

185 3471 255 3519 vam
268 3454 387 3517 habent
399 3475 406 3517 ε

217 3616 253 3679 (1)
265 3615 332 3666 Sese.
349 3611 438 3674 XXIV,
451 3626 506 3674 cap.
521 3627 550 3665 rr.

217 3697 252 3760 (²)
264 3694 352 3761 Βοιὼ,
364 3693 401 3745 da
412 3692 513 3745 Concita
520 3693 674 3759 provincial.

438 3907 448 3936 Ι
