2604 4270
470 245 696 290 Panhormum.

331 459 362 508 11.
373 483 404 496 -·
415 459 510 520 Scopas
523 457 634 508 scientie
643 458 768 538 carronicoe
784 462 828 522 ll).

136 615 158 674 l.
181 613 295 675 Munus
322 629 377 674 seu
399 613 541 674 officium
562 613 656 692 hujus
676 612 852 692 disciplinae
878 613 911 672 in
929 632 967 677 eo
988 633 1066 677 con·

99 713 172 773 sistit
186 717 221 772 ut
230 713 283 792 jus
302 711 552 773 ecclesiasticum
564 713 750 774 exhiheatur
764 712 796 772 in
812 731 867 773 sua
879 711 1063 790 substantia,

99 813 127 872 in
148 830 199 873 sua
213 811 367 873 historica
392 811 571 872 evolutione
594 817 625 873 et
639 812 672 870 in
696 829 750 872 sua
777 811 858 872 idea.
894 811 1062 890 Nimirum,

101 909 249 970 studiosus
270 907 351 988 juris
381 909 485 972 cultor
512 909 676 970 docendus
703 914 761 982 est,
788 908 893 986 primo
918 927 1066 988 quanam

99 1008 175 1086 leges
188 1024 275 1068 nunc
291 1005 430 1086 vigeant;
455 1008 597 1069 secundo
615 1025 677 1086 qua
692 1007 815 1067 ratione
829 1006 915 1084 leges
930 1013 961 1068 et
978 1009 1066 1072 insti-

98 1104 232 1166 tutiones
265 1104 363 1166 hodie
385 1103 554 1166 existentes
584 1105 621 1165 ad
648 1111 837 1184 praesentem
867 1111 983 1169 statum
1011 1108 1067 1176 de

99 1203 255 1276 venerint;
288 1201 382 1264 tertio
409 1203 693 1264 demonstrandum
726 1210 773 1266 est
795 1205 846 1284 jus
874 1204 1065 1266 canonicum

99 1301 170 1360 ideae
196 1306 228 1362 et
253 1306 375 1361 naturae
398 1300 549 1361 Ecclesiae
571 1301 744 1362 admodum
770 1303 948 1364 convenire.

131 1397 173 1458 llx
196 1416 262 1476 quo
284 1397 428 1474 infertur,
455 1397 618 1476 triplicem
635 1415 702 1458 esse
718 1399 906 1460 methodum
921 1399 954 1458 in
973 1397 1067 1462 insti-

100 1494 274 1556 tutionibus
303 1495 464 1556 canonicis
488 1495 716 1556 adhibendam.
743 1495 911 1556 Methodus
934 1497 1068 1576 practica

99 1591 172 1670 leges
192 1593 337 1672 vigentes
357 1593 467 1654 ordine
481 1593 723 1672 conspiciendas
745 1591 881 1654 exhibet.
901 1593 1067 1658 Methodus

101 1686 233 1750 historico
266 1690 407 1751 ostendit
439 1690 601 1770 quomodo
627 1691 679 1770 jus
708 1688 898 1750 hodiernum
931 1690 1068 1753 decursu

100 1788 248 1866 temporis
274 1787 439 1848 conditum
466 1787 535 1848 fuit.
563 1787 732 1849 Methodus
755 1785 955 1868 philosophica
980 1787 1067 1868 leges

99 1885 132 1943 ad
160 1885 269 1946 ideam
303 1886 454 1946 Ecclesiae
481 1885 647 1964 expendit,
677 1901 791 1963 easque
816 1885 891 1946 huic
920 1884 1065 1948 societati

100 1999 218 2059 prorsus
242 2000 420 2062 congruere
439 1983 644 2044 demonstrat.

132 2081 263 2142 Accedit
281 2081 366 2159 quod
387 2081 560 2142 scientifica
574 2081 653 2160 juris
669 2080 813 2142 canonici
835 2081 981 2142 tractatio
1004 2080 1065 2142 sihi

100 2180 236 2256 exposcit
252 2178 412 2257 triplicem
425 2179 507 2240 hano
525 2177 722 2254 methodum,
739 2197 805 2240 non
819 2195 916 2240 unam
942 2179 1065 2239 tantum
1174 2253 1185 2270 ο

97 2282 143 2336 aut
167 2277 313 2337 alteram.
337 2276 496 2355 Inprimis,
522 2276 592 2338 haec
616 2276 783 2354 disciplina
809 2276 950 2354 practice
972 2293 1066 2363 expo

97 2375 268 2446 candaosa,
287 2379 323 2434 ut
342 2373 450 2434 clerici
460 2379 580 2434 rectam
595 2374 701 2452 legum
717 2373 931 2452 cognitionem
957 2373 1064 2452 acqui-

98 2475 169 2529 rant.
199 2469 400 2549 Speculative
423 2471 573 2548 explicari
593 2469 689 2531 dehet
706 2475 742 2531 ut
757 2469 836 2547 juris
859 2469 1066 2531 conformitas

98 2583 163 2628 cum
179 2569 253 2629 idea
269 2568 420 2630 Ecclesiae
437 2568 656 2647 perspiciatur,
681 2585 781 2646 eoque
806 2567 956 2630 libentius
977 2567 1067 2629 ohse-

97 2665 199 2740 quium
223 2665 344 2744 regulis
364 2670 541 2744 praestetur.
563 2666 730 2728 Methodus
758 2665 889 2726 demum
913 2665 1066 2726 historica

96 2777 243 2840 perquam
257 2763 345 2823 utilis
358 2768 405 2824 est
419 2767 450 2823 et
461 2762 649 2836 necessaria,
664 2779 738 2822 nam
751 2761 790 2821 ad
801 2763 885 2841 leges
899 2759 1067 2824 ecclesias-

95 2858 165 2918 ticas
193 2860 256 2920 rite
281 2859 547 2938 interpretandas,
564 2861 734 2940 requiritur
748 2865 783 2920 ul
800 2860 965 2921 canonista
986 2859 1066 2938 juris

28 3023 29 3030 ἵ
95 2972 304 3036 progressum,
322 2957 470 3021 videlicet
488 2976 596 3021 causas
612 2963 643 3020 et
656 2964 801 3038 tempora
812 2959 898 3018 illius
915 2955 1066 3018 mutatio·

95 3070 165 3112 num
178 3055 425 3134 investigaverit.

130 3151 166 3213 ll.
183 3155 307 3216 Verum
322 3155 433 3215 sedulo
448 3153 621 3215 cavendum
635 3151 674 3212 ah
690 3151 871 3212 excessibus
901 3156 932 3212 et
958 3152 1066 3214 abusi-

97 3246 148 3309 hus
162 3251 195 3310 in
211 3250 397 3310 adhihenda
410 3251 561 3311 methodo
575 3255 644 3310 tum
656 3249 819 3323 historica,
839 3254 908 3310 tum
923 3249 1066 3328 philoso-

97 3344 193 3419 phica.
219 3347 278 3407 Illa
303 3345 386 3406 haud
411 3352 498 3406 recte
524 3349 664 3422 utuntur,
689 3345 743 3424 qui
763 3345 814 3424 jus
836 3351 922 3408 certa
946 3347 1068 3426 epocha

124 3515 153 3576 (t)
165 3515 282 3576 Phillips‚
299 3514 338 3563 Du
355 3513 424 3562 droit
444 3511 629 3578 eeclesioalique
643 3513 706 3563 dnae
724 3527 762 3563 aea
775 3497 902 3578 plincipes
926 3515 1064 3578 qtadroac,

97 3592 269 3653 Introduction,
286 3594 343 3656 §l.
