2604 4270
454 169 527 226 rans
549 167 729 216 seusatus.
834 235 836 239 Α
1034 172 1066 218 su

88 297 147 356 tice
162 290 334 374 exprimit:
351 287 548 350 «Definimus
562 289 599 348 R.
614 287 803 348 Pontificem
813 304 882 350 esse
898 289 996 352 totius
1010 294 1071 353 Ec·

88 391 196 454 clesiae
214 393 323 467 caput,
342 392 374 449 et
394 385 455 466 ipsi
474 387 508 446 in
526 387 562 448 B.
589 386 684 447 Petro
705 387 866 466 pascendi,
887 389 1018 468 regendi
1038 397 1071 454 et

87 486 289 568 gubernandi
303 483 483 546 universam
497 481 673 562 Ecclesiam
690 499 709 542 a
727 482 851 547 Christo
871 484 999 562 plenam
1015 501 1070 563 po·

86 590 239 650 testatem
254 582 405 645 traditam
421 598 502 643 esse.
517 602 532 639 a

129 687 160 745 3·
169 677 1070 762 temperamentorum.-EpiscopiregimenEcclesia

87 782 284 862 participant
297 784 437 852 eatenus,
456 783 609 857 quatenus
626 780 699 838 sunt
711 778 937 855 Apostolorum
948 795 1072 842 succes·

88 898 192 943 sores.
234 877 333 957 Atqui
366 876 486 956 duplici
517 873 614 936 modo
647 873 809 960 Apestollis
836 883 1067 954 successerunt,

88 995 206 1057 nempe
222 975 432 1055 collegialitcr
446 978 477 1036 et
488 972 681 1052 singulatim.
697 971 796 1052 lgitur
810 973 982 1052 dupliciter
992 977 1073 1038 fiunt

88 1073 255 1155 regiminis
269 1072 460 1151 participes,
485 1069 548 1130 sive
568 1069 642 1148 quia
667 1074 739 1130 sunt
760 1070 905 1144 membra
928 1073 1071 1151 corporis

89 1171 281 1253 episcopalis
302 1187 321 1230 a
342 1185 405 1248 quo
422 1167 606 1229 universalis
627 1167 769 1228 Ecclesia
783 1166 987 1247 gubernatur,
1004 1169 1070 1234 sive

90 1271 164 1350 quia
180 1270 325 1333 Christus
340 1267 438 1330 voluit
452 1271 487 1328 ut
499 1265 650 1330 Ecclesiae
666 1265 872 1343 particulares
884 1267 1071 1346 regulariter

91 1367 259 1446 Episcopis
292 1365 569 1428 committerentur
597 1364 756 1441 regendae.
787 1363 886 1442 Igitur
916 1365 1068 1441 Christus,

90 1463 289 1525 instituendo
305 1461 528 1534 hierarchiam,
543 1459 738 1521 elementum
752 1459 1005 1524 aristocratioum
1018 1479 1070 1522 re·

15 1615 18 1622 .
91 1561 205 1638 gimini
219 1558 372 1622 Ecclesiae
386 1556 567 1620 admiscuit.

118 1653 1069 1738 4⁰Temperatur...siaediminutiooepotestott's.-lnsocietati-

89 1756 147 1818 bus
161 1755 319 1830 civilibus,
329 1753 473 1834 regimen
487 1769 525 1816 ex
539 1752 723 1814 monarchia
738 1757 770 1814 et
783 1753 980 1816 aristocratia
990 1756 1071 1816 mix-

89 1860 157 1916 tum
169 1853 364 1915 divisionem
373 1852 492 1931 J'urium
505 1851 667 1930 supponit.
684 1851 884 1930 Comparatio
896 1852 981 1914 illius
995 1871 1069 1916 cum

88 1952 233 2014 Ecclesia
249 1949 374 2012 institui
399 1949 520 2028 nequit,
547 1953 615 2010 tum
635 1947 708 2027 quia
737 1954 876 2028 potestas
895 1949 1070 2029 spiritualis

88 2065 153 2108 non
174 2046 274 2108 divisa
300 2051 358 2122 cst,
386 2045 476 2130 quasi
501 2062 564 2106 una
589 2044 733 2124 ejusdem
751 2062 824 2124 pars
844 2045 877 2106 in
901 2046 1066 2122 Pontifice,

88 2145 187 2205 altera
208 2144 243 2204 in
268 2144 461 2223 Episcopatu
479 2143 653 2218 resideret;
676 2147 746 2206 tum
765 2143 841 2222 quia
864 2144 978 2206 nonis
1002 2152 1069 2208 erat

87 2239 293 2302 instituendae
306 2241 468 2320 dignitatis
481 2239 670 2319 episcopalis
685 2257 809 2319 scopus,
821 2245 960 2321 utcaput
976 2242 1068 2304 dimi-

87 2337 256 2400 nutionem
272 2340 441 2419 acciperet,
455 2339 510 2402 sed
521 2329 717 2400 utEcclcsiae
728 2339 830 2401 unitas
843 2355 901 2419 per
912 2340 1068 2404 unitatem
1085 2347 1088 2354 '

90 2440 303 2516 diaecesanam
327 2442 513 2503 firmaretur.
542 2442 626 2520 Ergo
650 2439 816 2516 Primatui,
843 2457 881 2502 ex
907 2443 1067 2506 voluntate

88 2537 217 2614 Christi,
242 2538 342 2600 robur
358 2539 563 2618 potiusquam
577 2541 866 2617 temperamentum
885 2539 924 2600 ab
939 2541 1067 2619 Episco-

88 2641 166 2715 patu
179 2635 315 2700 accedit.

83 2778 92 2801 .
127 2733 280 2813 Episcopi
315 2733 443 2813 quidem
459 2751 533 2797 cum
547 2733 700 2796 Pontifice
714 2738 877 2814 regentem
892 2724 1068 2798 Ecclesiam

87 2833 265 2894 efformant.
274 2832 351 2893 lude
362 2850 437 2894 vero
447 2833 603 2893 Primatus
612 2831 899 2908 nonimminuitur;
913 2835 998 2913 quod
1013 2834 1069 2895 tri·

89 2929 168 3008 plici
177 2929 299 2992 ratione
313 2934 436 2992 constat
451 2950 458 2991 :
474 2931 806 3009 l⁰p0testassupreme
816 2931 1067 2995 veretraditacst

89 3017 193 3102 Petro,
220 3026 273 3088 cui
289 3027 434 3088 succedit
448 3027 606 3088 Pontifex.
627 3028 717 3089 Unde
732 3027 888 3106 quidquid
899 3021 980 3107 juris
994 3030 1066 3108 Epi-

91 3125 194 3204 scopis
207 3125 372 3204 competit,
394 3125 426 3186 id
441 3125 620 3188 eminenter
635 3125 717 3187 inest
739 3124 865 3188 vicario
885 3124 1011 3188 Ghristi.
1025 3161 1066 3175 -

90 3225 118 3282 2⁰
141 3221 264 3301 Singuli
292 3221 441 3300 Episcopi
468 3221 715 3284 subordinantur
741 3219 900 3296 Pontifici,
927 3222 981 3300 qui
1010 3241 1064 3287 eos
1177 3249 1180 3255 ¹

90 3318 223 3382 instituit
234 3336 272 3380 ac
285 3319 480 3382 moderatur.
491 3351 531 3364 -
540 3321 572 3379 3⁰
584 3316 734 3396 Episcopi
748 3317 844 3379 etiam
856 3319 1065 3416 collegialiter

91 3419 228 3496 pendent
241 3435 261 3479 a
273 3418 438 3494 Pontice,
455 3433 529 3478 nam
544 3419 683 3496 potestas
698 3415 841 3496 ipsorum
859 3417 898 3478 ad
918 3425 1063 3484 centrum

91 3517 241 3597 alligatur.
255 3515 432 3594 Collegium
446 3515 625 3595 episcopale
637 3532 701 3577 non
716 3520 764 3578 est
774 3505 860 3578 aliud
883 3517 1062 3598 subjectum
