2626 4258
500 277 574 324 PARS
595 277 759 324 serenus
1062 275 1116 324 363

144 413 218 459 nem
233 394 500 458 constitutionum
517 395 763 475 apostolicarum
788 411 884 474 super
904 392 949 456 eis
962 394 1118 457 editarum

143 500 304 576 procurat,
322 494 523 555 difficultates
541 492 670 554 decidit.

184 593 222 653 11.
243 591 451 672 congregatio
464 609 552 671 super
572 597 654 650 statu
674 589 877 670 deputatione,
902 607 998 668 quam
1026 589 1120 652 Inno-

144 686 267 754 centius
278 692 306 750 X
322 689 422 751 erexit
436 695 468 751 et
482 690 556 750 Pius
581 689 622 750 Ill
637 688 844 762 confirmavit,
861 687 1119 751 reformationem

142 789 338 868 regularium
351 793 382 850 et
397 787 632 848 institutionem
643 786 835 848 novitiorum
849 792 1026 866 promovet.

184 888 237 948 lll.
258 885 467 966 Congregatio
476 884 732 965 Iadolpeatzorum
746 890 778 946 et
789 875 1004 966 Reliquicrum,
1018 903 1037 946 a
1049 886 1119 948 Gle-

145 990 251 1046 mente
269 986 310 1046 lX
333 984 487 1060 instituta,
502 983 730 1062 dispensationi
755 984 1028 1063 indulgentiarum
1038 983 1120 1044 invi-

144 1082 231 1160 gilot,
244 1081 392 1160 reliquias
404 1079 613 1158 recognoscit,
630 1079 777 1158 reprimit
787 1079 902 1142 abusus
917 1081 1001 1142 circa
1016 1081 1120 1142 ludul-

144 1177 269 1259 gentias
288 1184 320 1240 et
333 1179 455 1240 cultum
471 1178 699 1257 Reliquiarum.

183 1279 236 1340 lv.
253 1274 462 1355 congrega-tio
474 1274 694 1336 Jnrisdictionts
701 1280 732 1338 et
745 1275 945 1338 Immunitatis
956 1276 1119 1339 ecelesias-

144 1376 231 1452 ticae,
266 1375 305 1436 ab
336 1373 464 1436 Urbano
493 1375 562 1436 vlll
590 1381 705 1449 erecta,
738 1375 860 1436 dirimit
888 1374 1119 1438 controversias

145 1481 231 1536 ortas
244 1490 317 1536 cum
343 1471 738 1549 magistratibuseivilibus
759 1474 843 1536 cirea
857 1491 907 1536 res
919 1475 958 1536 ad
972 1473 1120 1555 jurisdic-

147 1573 269 1634 tionem
280 1571 485 1649 pertinentes,
500 1577 532 1632 et
542 1576 654 1632 contra
662 1571 837 1634 invasiones
849 1572 991 1634 delendit
1004 1571 1121 1634 immu-

147 1670 283 1732 nitatem
296 1669 505 1748 personalem,
524 1669 657 1730 localem
672 1675 702 1732 et
718 1671 848 1732 realem.

191 1769 228 1830 V.
243 1767 315 1832 Pius
330 1767 384 1828 vll
399 1765 536 1860 instituit
549 1767 834 1846 congregationem
844 1767 1120 1849 supernepotiiserr·

148 1863 354 1926 troordiaoriis
369 1862 402 1924 E
402 1863 521 1924 cclesioe.

189 1964 241 2025 Vl.
251 1962 457 2042 congregatio
466 1961 1122 2045 Ecomior'sEpiseoporumaClementeVllI

147 2066 255 2123 erecta
268 2061 337 2135 luit,
357 2061 439 2122 utin
462 2061 550 2122 ltalia
564 2063 774 2140 promovendi
786 2065 826 2124 ad
845 2060 1121 2144 Episcopatumub

147 2160 203 2222 illa
213 2159 477 2220 examinarentur.

188 2260 253 2321 vll.
273 2255 556 2337 congregationem
570 2256 743 2320 Studiorum
757 2260 862 2322 Sixtus
880 2262 907 2324 V
922 2260 1070 2334 instituit,
1087 2261 1123 2322 ut

148 2357 182 2416 in
197 2360 281 2418 statu
301 2355 466 2436 pontificio
481 2356 584 2418 studia
611 2356 773 2434 dirigeret,
796 2363 827 2418 et
846 2375 904 2436 per
918 2359 1031 2422 orbem
1043 2356 1122 2422 Uni-

147 2454 310 2516 versitates
320 2454 490 2518 catholicas
502 2459 694 2534 protegeret.

380 2637 396 2704 ξ
410 2633 437 2690 3.
452 2667 483 2677 -
494 2634 531 2692 llo
542 2636 738 2694 Tribunalihus
751 2639 890 2695 Romanis.

186 2787 210 2838 l.
225 2781 390 2840 Tribunalia
401 2781 533 2854 justitiae.

183 2875 209 2927 2.
226 2872 392 2928 Tribunalia
404 2874 515 2944 grotiae.

183 2964 211 3018 3.
227 2961 395 3020 Tribunalia
408 2962 607 3035 expeditionis.

318 3148 432 3208 Qunsrro
447 3153 480 3198 1⁸.
499 3173 528 3186 -
539 3150 577 3199 Ds
589 3151 773 3198 Turnunsnnrus
786 3161 899 3198 rusrrrra
909 3149 951 3214 (i).

187 3291 280 3355 Curia
290 3287 421 3371 justitiae
434 3297 559 3354 constat
573 3291 717 3372 pluribus
729 3291 938 3354 tribunalibus
953 3311 960 3352 :
978 3294 1008 3352 l.
1024 3290 1103 3354 licto
1112 3309 1126 3368 ;

143 3393 175 3452 2.
193 3388 217 3452 C
218 3408 318 3450 amero
327 3388 484 3470 apostolica
492 3407 505 3465 ,·
517 3391 547 3450 3.
561 3388 727 3470 Sipontum
735 3389 873 3472 justitiae.

179 3561 216 3627 (l)
233 3563 346 3625 Phillips,
357 3547 404 3612 ios
413 3562 647 3627 monasticum&
664 3568 718 3617 119.
739 3587 771 3602 ··-
785 3564 912 3626 Stremler,
929 3563 974 3613 des
988 3561 1076 3614 renes
1085 3531 1123 3612 ect

148 3641 329 3708 clericalique,
343 3642 375 3692 de
386 3642 487 3708 l'Appet
501 3646 524 3692 et
537 3642 582 3693 des
597 3644 794 3710 Conprepctione
810 3647 943 3694 romaines.
