2630 4250
452 293 455 298 '
469 291 542 338 PARS
564 291 731 340 sancionis.
1039 293 1087 342 ltt

146 409 328 473 Concilium
341 411 563 473 Tridentinum
581 410 744 473 innovavit
755 412 900 491 antiquas
915 429 1023 491 poenas
1041 431 1094 476 or-

108 507 252 570 dinantis
272 514 304 570 et
319 507 456 570 ordinati
480 508 547 568 sine
567 508 671 571 titulo.
696 509 872 589 Episcopus
895 511 949 589 qui
974 511 1093 574 clerico

107 625 178 670 non
195 607 327 670 habenti
345 609 473 670 titulum
490 607 619 670 ordines
634 607 768 682 confert,
786 609 910 687 cogitur
922 609 1091 672 honestum

107 707 231 767 rictum
246 707 351 768 eidem
364 705 578 786 suppeditare,
592 705 693 767 donec
703 705 832 768 titulum
841 713 1027 786 assequatur
1037 707 1092 786 (l),

12 807 14 876 l
106 803 252 865 Clericus
273 809 379 866 autem
403 805 457 884 qui
481 805 559 866 salso
581 805 676 866 titulo
697 804 892 884 Episcopum
916 804 1046 885 decipit,
1075 823 1094 866 a

12 937 14 952 s
103 901 269 980 susceptis
284 901 449 978 ordinibus
464 902 677 981 suspenditur.

149 1000 187 1060 ll.
213 998 343 1080 Species.
367 999 550 1077 —Triplex
573 999 779 1078 distinguitur
798 999 926 1073 titulus,
952 997 1091 1080 beneficii,

105 1097 285 1178 potrt'rnonii
298 1096 343 1158 oei
349 1097 510 1178 pensionis,
531 1103 563 1158 et
570 1097 758 1178 paupertatis
774 1097 930 1177 relipiosoe.

153 1201 181 1258 l.
207 1193 320 1255 litoius
343 1194 473 1277 beneficii
488 1195 549 1256 suit
564 1195 639 1256 olim
655 1184 889 1257 usitatissimus.
907 1197 943 1256 In
962 1212 1000 1259 eo
1019 1213 1096 1258 con·

107 1293 202 1368 sistit,
215 1299 252 1356 ut
266 1292 460 1380 ordinandus
481 1293 613 1372 pacifice
634 1295 793 1374 possideat
812 1291 1005 1357 beneficium
1019 1311 1094 1372 per·

109 1397 257 1470 potuum,
287 1391 372 1470 quod
399 1389 459 1452 sibi
486 1392 575 1469 juxta
595 1391 733 1470 regionis
759 1409 883 1454 morem
912 1391 952 1452 ad
975 1391 1093 1466 victum

110 1489 259 1553 sufficiat.
283 1491 317 1550 id
333 1507 407 1551 vero
423 1488 614 1551 beneficium
629 1490 788 1569 resignare
804 1489 926 1568 nequit,
946 1489 1006 1550 nisi
1021 1506 1096 1550 con·

109 1592 183 1662 stet,
202 1587 288 1666 quod
304 1587 433 1648 aliunde
453 1587 558 1648 vivere
576 1587 747 1648 commode
764 1587 873 1666 possit.

150 1689 177 1746 2.
202 1685 309 1746 'titulo
321 1683 501 1766 patrimonii
518 1685 566 1746 vel
579 1684 723 1766 pensionis
745 1683 947 1746 occasionem
971 1682 1095 1743 dedisse.

113 1783 239 1844 videtur
260 1783 441 1844 Alexander
452 1784 504 1858 ill,
522 1800 579 1862 pcr
594 1783 705 1844 ultima
716 1783 812 1844 verba
825 1781 954 1844 canonis
967 1783 1097 1843 Latera-

111 1881 229 1942 nensis.
252 1883 285 1944 Si
309 1888 395 1944 recte
410 1883 538 1944 concilii
554 1888 694 1942 mentem
710 1879 926 1959 inspiciamus,
943 1897 1008 1940 non
1020 1895 1096 1960 pro·
1151 1896 1152 1899 ¹

113 1979 197 2041 lecto
212 1979 397 2058 patrimonii
420 1979 546 2042 titulum
571 1979 718 2054 instituit,
735 1979 790 2040 sed
805 1983 928 2039 tantum
943 1976 1097 2056 proponit

113 2078 1097 2158 casum,quoEpiscopusapoenaliberetur.Verumtamenoa·

113 2176 261 2249 nonistae,
275 2175 349 2236 freti
364 2177 492 2238 decreto
504 2174 1095 2249 Lateranensi,indiscriminatimordi-

113 2272 180 2332 nari
192 2256 496 2350 putaruntclerioOS,
507 2271 720 2345 velbcnelioii,
729 2273 777 2333 vel
787 2271 970 2350 patrimonii
983 2271 1088 2346 titulo;

70 2444 72 2450 ἲ
112 2370 189 2430 hinc
210 2388 270 2448 pro
293 2369 425 2432 arbitrio
441 2371 674 2450 Episcopornm
689 2369 797 2431 clcrioi
816 2368 1094 2447 promovebantur,

112 2465 671 2530 nullaetiamnecessitatcsuadente.
686 2467 748 2528 Sed
758 2453 1097 2528 concilium‘lridenti·

113 2582 192 2626 num
202 2565 331 2626 statuit:
348 2563 420 2627 nNe
435 2567 507 2645 quis
518 2565 821 2628 clericussaecularis
836 2565 875 2624 ad
889 2575 995 2626 sacros
1011 2565 1097 2626 ordi-

114 2680 170 2722 nes
181 2669 419 2742 promoveatur,
434 2664 494 2724 nisi
510 2664 596 2742 prius
608 2667 742 2736 constet,
758 2679 831 2724 eum
842 2660 1034 2722 beneficium
1045 2675 1098 2722 ec·

112 2759 329 2822 olesiastioum
349 2761 569 2840 possidere...
589 2759 821 2823 Patrimonium
841 2775 928 2833 vero,
946 2759 993 2819 vel
1018 2775 1096 2837 pen-

110 2858 238 2919 sionem
261 2857 442 2920 obtinentes
468 2859 608 2920 ordinari
624 2875 688 2921 non
706 2856 839 2939 possint,
857 2855 916 2917 uisi
937 2855 996 2928 illi,
1018 2872 1098 2934 quos

111 2955 292 3034 Episcopus
315 2956 734 3035 judicaverit-assumendos
757 2975 815 3036 pro
839 2955 1027 3017 necessitate
1048 2953 1097 3015 vel

111 3051 346 3114 commoditate
361 3053 577 3115 Ecclesiarum
592 3071 761 3114 suarum.»

152 3150 200 3210 Ex
212 3150 251 3210 iis
268 3149 372 3212 verbis
388 3153 451 3214 duo
467 3151 683 3231 colliguntur:
701 3155 729 3213 l.
752 3147 867 3212 Clerici
887 3147 983 3210 titulo
1000 3137 1100 3226 patri-

12 3375 14 3390 ,
146 3335 182 3394 (1)
194 3333 333 3384 Concilium
347 3335 462 3385 Lateran.
478 3331 521 3395 lll,
531 3335 579 3384 sub
593 3332 731 3384 Alexandro
743 3329 778 3382 lll
793 3329 960 3390 celebratum,
970 3330 1081 3390 decrevit
1152 3356 1155 3364 .

12 3433 14 3462 l
114 3431 127 3457 e
148 3411 298 3474 Episcopus,
315 3413 337 3462 si
351 3413 460 3474 aliquem
473 3413 528 3462 sinc
541 3417 609 3461 certo
619 3411 701 3471 titulo,
711 3411 742 3460 de
756 3422 804 3471 quo
819 3409 961 3459 necessaria
974 3409 1034 3460 vitae
1044 3424 1100 3472 par·

12 3495 13 3498 ’
110 3491 210 3554 cipiat,
230 3492 256 3541 ln
274 3492 405 3542 diaconum
419 3493 458 3547 val
476 3492 648 3555 presbyterum
672 3489 834 3551 ordinaverit,
849 3488 871 3538 cl
885 3489 1026 3540 necessaria
1039 3491 1099 3540 sub-

113 3569 259 3634 ministret,
290 3571 339 3624 nisl
361 3573 419 3622 telis
437 3574 499 3623 torta
517 3573 648 3626 ordinatus
666 3570 697 3625 de
715 3583 761 3624 sua
777 3571 816 3622 vel
830 3576 934 3636 paterna
954 3569 1100 3624 haereditate

111 3649 259 3705 subsidium
274 3651 331 3704 oto
346 3653 438 3706 bobeta
449 3651 534 3718 possit.
553 3669 565 3699 ι
