2620 4258
198 273 248 318 256
359 273 516 319 EXPOSITIO
537 273 718 318 Meruoblcn
740 275 824 318 suuis
847 273 1001 318 callorum.

194 390 347 466 generalis
360 355 480 468 pendet
490 407 508 450 a
519 389 681 452 voluntate
691 390 840 468 Episcopi
853 407 927 451 eum
938 390 1181 452 constituentis.

195 487 331 548 Proinde
357 489 506 550 Summus
533 488 678 548 Pontifex
692 488 893 566 potestbanc
914 487 1183 566 jurisdictionem

196 586 365 646 extendere
377 585 426 646 vel
439 584 644 663 restringere.

472 784 495 830 2.
507 781 521 828 J
525 793 569 828 ura
578 781 727 840 Legatorum
741 794 757 828 a
770 781 848 828 latere
860 781 900 841 (l).

239 937 262 996 Ι.
280 937 326 996 Ex
337 933 1187 1018 Decretalibus‚Legatisalaterecompetuntplurima

198 1050 281 1110 pura.

239 1132 266 1188 l.
289 1127 367 1206 Ipsis
393 1128 616 1206 praesentibus,
639 1131 775 1190 aliorum
796 1131 975 1206 legatorum
998 1130 1188 1208 jurisdictio

200 1223 409 1302 conquiescit.
434 1225 525 1286 Ratio
545 1230 603 1301 est,
624 1227 698 1304 quia
716 1225 890 1288 cardinalis
913 1226 1047 1304 legatus,
1072 1244 1147 1288 cum
1168 1248 1189 1288 a

123 1329 126 1332 “
198 1323 295 1382 latere
312 1321 435 1382 Summi
451 1321 614 1384 Pontificis
629 1321 669 1384 sit
692 1327 882 1400 assumptus
900 1323 1106 1402 propinquius
1125 1343 1188 1386 re·
1215 1317 1218 1322 ’

157 1413 159 1417 ’
199 1423 370 1496 praesentat
382 1419 583 1479 Pontificem.
887 1485 889 1490 ,

237 1519 268 1577 Ξ.
283 1517 544 1578 iurisdictionem
568 1516 765 1578 ordinariam
787 1515 905 1578 babent
919 1516 953 1575 in
971 1524 1134 1596 exemptos
1151 1525 1187 1582 et

92 1609 94 1612 ’
200 1613 274 1674 Sodi
289 1614 481 1692 Apostolicae
504 1615 689 1676 immediate
709 1613 880 1694 subjectos,
898 1616 1039 1694 exceptis
1055 1616 1186 1678 casibus

208 1711 356 1772 Pontifici
369 1712 550 1791 specialiter
563 1711 739 1773 reservatis,
1006 1707 1008 1712 ’

239 1812 267 1868 3.
286 1811 312 1869 Α
337 1809 389 1869 die
412 1825 555 1887 egressus
570 1809 617 1870 sui
635 1826 673 1870 ex
688 1809 773 1872 Urbe
787 1826 886 1888 usque
905 1809 944 1868 ad
959 1809 1043 1872 diem
1058 1807 1186 1869 reditus

199 1907 231 1963 in
246 1905 376 1979 Urbem,
391 1909 524 1982 possunt
537 1905 699 1968 absolvere
714 1906 753 1966 ab
769 1906 1093 1968 excommunicatione
1105 1923 1186 1984 quae

200 2001 373 2061 incurritur
385 2000 427 2060 ob
441 2001 681 2078 percussionem
694 1986 896 2064 clericorum.

238 2102 267 2158 d.
285 2098 408 2159 Habent
420 2101 613 2176 potestatem
624 2090 831 2178 ordinariam,
850 2109 1096 2165 concurrentem
1106 2115 1188 2162 cum

200 2195 370 2265 ordinariis
392 2195 610 2272 collatoribus,
631 2191 818 2260 conferendi
842 2199 1009 2264 beneficia.
1031 2191 1188 2262 Attamen

199 2294 268 2354 haec
283 2294 391 2372 regula
405 2294 561 2373 generalis
576 2295 693 2356 multas
711 2297 831 2375 patitur
845 2301 1057 2379 exceptiones.
1302 2353 1303 2368 ,

238 2391 277 2452 ΙΙ.
294 2391 397 2452 Hodie
420 2393 459 2452 ad
489 2391 738 2470 dignoscendam
766 2395 1014 2478 uniuscujusque
1038 2397 1149 2476 Legati
1166 2415 1198 2458 a‘
1302 2429 1303 2468 1

196 2487 297 2549 latere
315 2493 518 2567 potestatem,
535 2491 737 2553 attendendae
760 2499 831 2555 sunt
845 2495 973 2556 Litterae
987 2494 1184 2574 Apostolicae

199 2586 233 2646 in
246 2585 361 2665 quibus
374 2587 538 2653 facultates
556 2587 633 2665 ipsis
649 2606 810 2653 concessae
825 2594 1056 2671 exprimuntur.

522 2798 544 2844 3.
560 2797 622 2844 Jura
637 2797 786 2846 Nuntiorum
800 2801 841 2858 (2).

236 2949 261 3008 I.
270 2948 389 3010 Eorum
401 2954 537 3027 potestas
552 2952 755 3028 potissimum
770 2954 967 3014 desumenda
978 2962 1025 3016 est
1038 2973 1077 3018 ex
1089 2957 1183 3021 litte-

199 3045 240 3106 ris
255 3045 458 3124 Apostolicis,
475 3048 591 3125 quibus
606 3049 818 3127 instruuntur3
841 3067 914 3112 nam
927 3053 998 3132 jure
1012 3058 1182 3118 communi

198 3143 331 3204 Nuntius
352 3144 446 3205 aliam
458 3151 649 3222 potestatem
670 3165 735 3209 non
754 3149 865 3227 babet,
884 3166 980 3229 quam
995 3155 1081 3230 quod
1093 3155 1184 3234 ,pro-

198 3239 310 3302 iinoiae
321 3259 387 3302 euae
402 3242 443 3303 sit
456 3243 651 3306 ordinarius.
974 3278 976 3282 ·

236 3339 305 3398 imo
318 3337 388 3399 baec
408 3344 547 3416 potestus
565 3340 666 3404 multo
687 3345 862 3408 restrictior
882 3347 976 3410 estin
992 3347 1184 3428 hujusmodi

229 3522 261 3661 g}
273 3518 505 3648 Izcltmbalggrueber,
514 3525 561 3574 Jur
572 3526 776 3590 ecclesiasticum,
794 3530 837 3582 lib.
849 3530 870 3593 1,
882 3531 923 3581 tit.
939 3515 1000 3581 ixx.
1078 3551 1081 3556 Δ

302 3631 321 3660 .,
337 3611 345 3645 r
364 3612 371 3646 r
393 3632 400 3647 .
