2620 4258
192 327 203 362 ’Β
473 265 547 310 PARS
569 267 732 314 spectatis.
1041 269 1093 317 249

90 391 93 396 ·
111 377 275 440 missionis
289 395 404 457 genere
419 388 603 460 usurpatur.
620 383 751 461 Proprie
764 401 839 452 vero
856 385 965 462 Legati
980 385 1093 448 dicun·

110 481 165 538 tur
179 475 225 537 iili
254 477 461 540 Summorum
478 479 670 542 Ponti-ficum
693 482 830 545 ministri
846 483 911 562 qui,
929 484 993 544 sive
1007 485 1092 545 ordi·

109 573 201 636 naria
227 575 290 636 sive
317 577 562 640 extraordinaria
575 577 801 656 jurisdictione
827 579 983 656 instructi,
1005 579 1090 644 vices

110 689 223 733 eorum
236 673 269 734 in
285 674 456 751 provinciis
469 679 577 754 agunt.
1064 679 1066 686 '

149 771 175 831 1.
194 769 291 832 Conso
306 772 497 833 institutionis
511 775 700 850 Legatorum
718 773 780 834 fuit
790 774 964 836 necessitas
977 776 1089 854 agendi

107 886 168 946 per
191 869 282 944 alios,
308 885 382 931 cum
406 870 577 932 Pontifices
602 887 659 948 per
675 887 708 930 sc
734 871 821 932 idem
843 878 995 950 prestare
1017 869 1084 933 ma-

107 983 170 1045 gna
195 967 339 1029 locorum
361 967 512 1029 distantia
535 967 792 1047 prohiberentur.
817 969 975 1030 Nimirum
1000 967 1089 1031 Sum-

107 1083 180 1126 mus
192 1065 349 1140 Pontifex,
362 1065 439 1126 dum
457 1082 565 1127 curam
577 1065 658 1142 gerit
670 1066 858 1142 universam,
876 1084 933 1128 suo
947 1069 1089 1146 fungitur

106 1163 286 1240 apostolico
298 1180 431 1224 munere
440 1181 498 1242 per
512 1163 743 1224 ecclesiasticos
757 1163 852 1240 viros,
867 1164 932 1225 sive
945 1164 1086 1238 stabiles,

107 1261 172 1322 sive
186 1260 226 1322 ad
240 1265 368 1340 tempus
390 1263 562 1339 delegatos,
583 1262 617 1321 in
641 1260 679 1320 iis
694 1261 812 1322 dissitis
836 1261 1086 1340 regionibusuhi

105 1358 175 1435 ipse
193 1358 348 1420 interesse
367 1376 435 1419 nou
448 1363 565 1436 potest,
582 1358 771 1436 praecipiens
784 1359 906 1420 eisdem
928 1365 963 1420 ut
977 1359 1084 1420 ibici-

104 1472 158 1516 ces
169 1475 241 1518 suas
251 1456 380 1530 obeant,
393 1471 525 1533 eamque
532 1456 788 1534 jurisdictionem
801 1460 978 1532 exerceant,
991 1469 1087 1535 quam

103 1553 129 1611 is
144 1571 206 1635 per
225 1572 269 1628 se,
286 1555 312 1613 si
329 1555 465 1627 adesset,
480 1557 653 1615 exerceret.
897 1540 899 1544 ¹
1030 1553 1032 1570 ‘

139 1651 253 1730 Legati
276 1651 328 1712 alii
351 1655 427 1712 suut
438 1649 677 1725 extraordinarii,
700 1651 838 1712 aliiuero
855 1649 1010 1711 ordinarii.
1028 1653 1086 1712 Ex·

103 1749 310 1815 traordinarii
328 1749 499 1810 mittuntur
513 1751 727 1827 adpeeuiiare
736 1749 901 1829 negotium
913 1748 1083 1828 expedien-

22 1913 27 1917 ,
104 1848 193 1921 dum,
210 1863 347 1924 quorum
370 1846 506 1924 proinde
523 1847 665 1909 officium
684 1847 830 1909 absoluto
848 1847 978 1926 negotio
993 1847 1083 1925 expi-

102 1951 168 2020 rat;
182 1945 227 2006 sic
238 1945 408 2006 Pontifices
419 1945 458 2004 ed
469 1947 674 2007 convocanda
687 1945 835 2021 concilis,
853 1946 962 2024 eisque
975 1946 1081 2024 praesi·

97 2044 254 2117 dendum,
279 2043 411 2120 Legatos
430 2061 513 2122 saepc
531 2044 696 2120 miserunt,
709 2044 763 2122 qui
783 2045 903 2105 malum
919 2037 1080 2108 invectum

100 2146 288 2202 averterent.
307 2141 466 2208 Ordinarii
478 2143 587 2220 Legati
604 2159 670 2203 non
685 2145 758 2202 sunt
778 2141 932 2220 peculiari
952 2139 1079 2219 negotio

100 2237 233 2314 addicti,
250 2239 306 2299 sed
318 2238 490 2354 mittuntur
506 2239 545 2298 ad
559 2238 680 2298 bonum
693 2239 958 2316 promovendum,
971 2237 1004 2299 id
1018 2242 1075 2312 est,

99 2336 140 2394 ad
166 2349 379 2412 qrrascumque
395 2349 504 2396 causes
525 2333 768 2408 ecclesiasticam
785 2337 922 2414 ¹quorum
943 2337 1078 2414 proinde

98 2431 241 2493 officium
255 2437 302 2494 est
315 2436 516 2509 perpetuum.

118 2559 123 2567 ·
139 2531 178 2590 11.
196 2528 318 2590 Summo
340 2527 484 2608 Pontifici
498 2528 633 2609 conpetit
643 2529 698 2610 jus
714 2527 858 2588 mr'ttcodi-
869 2531 996 2602 nuntior,
1019 2549 1080 2590 eos-

95 2644 156 2708 que
169 2625 285 2686 stabiles
302 2633 330 2686 et
338 2625 534 2705 facultatibus
547 2627 714 2688 instructos.
768 2667 770 2672 .
856 2671 858 2682 ,

86 2754 89 2760 ¹
138 2725 236 2786 Proh.
254 2729 282 2786 i.
297 2723 353 2786 Ee
369 2724 440 2804 jore
453 2724 617 2786 Prainetos.
635 2755 675 2770 -
690 2723 839 2787 Pontifex
862 2724 1033 2799 Romanus,
1050 2724 1079 2784 vi

94 2824 268 2898 PrimatuS,
285 2842 349 2886 nou
361 2829 486 2886 tantum
508 2828 554 2884 est
565 2827 710 2888 centrum
726 2813 867 2899 unitatis,
881 2823 936 2884 sed
951 2822 980 2882 ei
993 2821 1077 2883 insu-

93 2938 156 3000 per
176 2919 335 3002 incumbit
355 2919 388 2979 in
415 2935 525 2980 omnes
548 2919 704 2990 Ecclesias
723 2937 799 2981 cura
826 2925 857 2980 et
882 2911 1073 2994 sollicitudo,

7 3025 8 3086 ζ
91 3018 186 3097 cujus
208 3016 397 3079 auctoritate
420 3015 586 3096 exequitur
606 3033 642 3078 ca
661 3017 782 3093 omnia,
804 3036 874 3096 quae
889 3017 1075 3078 universalis

93 3114 249 3178 Ecclesiae
262 3116 344 3175 salus
359 3116 510 3191 postulat.
527 3116 602 3175 Haec
617 3119 724 3175 autern
736 3117 863 3195 negotia
877 3115 1075 3194 personalem

92 3209 299 3289 presentiam
336 3209 451 3289 saepius
490 3211 635 3289 exigunt,
664 3227 759 3290 quarn
792 3216 900 3272 tamen
931 3211 1076 3272 Pontifex

91 3309 188 3370 uariis
210 3309 366 3371 distentus
392 3309 632 3388 impedimentis
657 3327 714 3386 per
736 3326 768 3369 se
795 3309 901 3387 ipsum
927 3309 1075 3374 exhihere

90 3426 160 3470 non
182 3409 274 3469 valet.
297 3407 433 3470 Proinde
460 3425 532 3470 cum
554 3411 711 3486 potestate
725 3407 900 3486 pontificia,
923 3413 1074 3488 tanquam

93 3506 243 3567 medium
264 3506 482 3574 necessarium
510 3506 548 3568 ad
573 3507 681 3578 finem,
705 3504 909 3584 conjungitur
927 3506 978 3584 jus
1003 3507 1077 3568 ruit-

91 3603 188 3665 tendi
211 3604 295 3665 viros
319 3604 453 3664 idoneos
469 3603 523 3680 qui
546 3607 662 3664 statum
677 3601 781 3681 gregis
804 3602 950 3680 proxime
974 3602 1075 3680 inspi-
