<?xml version="1.0" encoding="UTF-8"?>
<!DOCTYPE html PUBLIC "-//W3C//DTD XHTML 1.0 Transitional//EN"
    "http://www.w3.org/TR/xhtml1/DTD/xhtml1-transitional.dtd">
<html xmlns="http://www.w3.org/1999/xhtml" xml:lang="en" lang="en">
 <head>
  <title>
</title>
<meta http-equiv="Content-Type" content="text/html;charset=utf-8" />
  <meta name='ocr-system' content='tesseract 3.04.00' />
  <meta name='ocr-capabilities' content='ocr_page ocr_carea ocr_par ocr_line ocrx_word'/>
</head>
<body>
  <div class='ocr_page' id='page_1' title='image "./expositiomethod00hugugoog_0397.png"; bbox 0 0 2626 4258; ppageno 0'>
   <div class='ocr_carea' id='block_1_1' title="bbox 195 293 1003 346">
    <p class='ocr_par' dir='ltr' id='par_1_1' title="bbox 195 293 1003 346">
     <span class='ocr_line' id='line_1_1' title="bbox 195 293 1003 346; baseline 0.001 -3"><span class='ocrx_word' id='word_1_1' title='bbox 195 293 248 344; x_wconf 67' lang='grc' dir='ltr'>3θὶ</span> <span class='ocrx_word' id='word_1_2' title='bbox 363 297 520 344; x_wconf 73' lang='lat' dir='ltr'>exeosfflc</span> <span class='ocrx_word' id='word_1_3' title='bbox 543 293 720 343; x_wconf 73' lang='lat' dir='ltr'>METRODIGA</span> <span class='ocrx_word' id='word_1_4' title='bbox 742 294 826 344; x_wconf 78' lang='lat' dir='ltr'>tultis</span> <span class='ocrx_word' id='word_1_5' title='bbox 848 296 1003 346; x_wconf 69' lang='lat' dir='ltr'>canumet.</span> 
     </span>
    </p>
   </div>
   <div class='ocr_carea' id='block_1_2' title="bbox 559 517 789 569">
    <p class='ocr_par' dir='ltr' id='par_1_2' title="bbox 559 517 789 569">
     <span class='ocr_line' id='line_1_2' title="bbox 559 517 789 569; baseline 0 -1"><span class='ocrx_word' id='word_1_6' title='bbox 559 523 581 569; x_wconf 85' lang='lat' dir='ltr'>l.</span> <span class='ocrx_word' id='word_1_7' title='bbox 592 517 656 568; x_wconf 82' lang='lat' dir='ltr'>llcta</span> <span class='ocrx_word' id='word_1_8' title='bbox 665 519 789 568; x_wconf 81' lang='lat' dir='ltr'>llomsnn.</span> 
     </span>
    </p>
   </div>
   <div class='ocr_carea' id='block_1_3' title="bbox 114 694 1166 758">
    <p class='ocr_par' dir='ltr' id='par_1_3' title="bbox 114 694 1166 758">
     <span class='ocr_line' id='line_1_3' title="bbox 114 694 1166 758; baseline -0.001 -1"><span class='ocrx_word' id='word_1_9' title='bbox 114 695 115 698; x_wconf 72' lang='grc'>’</span> <span class='ocrx_word' id='word_1_10' title='bbox 232 697 311 758; x_wconf 81' lang='lat' dir='ltr'>ltota</span> <span class='ocrx_word' id='word_1_11' title='bbox 325 699 372 757; x_wconf 88' lang='lat' dir='ltr'>est</span> <span class='ocrx_word' id='word_1_12' title='bbox 385 695 519 757; x_wconf 89' lang='lat' dir='ltr'>tribunal</span> <span class='ocrx_word' id='word_1_13' title='bbox 540 697 720 758; x_wconf 89' lang='lat' dir='ltr'>institutum</span> <span class='ocrx_word' id='word_1_14' title='bbox 744 696 785 756; x_wconf 88' lang='lat' dir='ltr'>ad</span> <span class='ocrx_word' id='word_1_15' title='bbox 801 694 996 756; x_wconf 84' lang='lat' dir='ltr'>dirimendas</span> <span class='ocrx_word' id='word_1_16' title='bbox 1014 695 1166 757; x_wconf 83' lang='lat' dir='ltr'>informa</span> 
     </span>
    </p>
   </div>
   <div class='ocr_carea' id='block_1_4' title="bbox 167 789 1171 3416">
    <p class='ocr_par' dir='ltr' id='par_1_4' title="bbox 189 789 1165 1052">
     <span class='ocr_line' id='line_1_4' title="bbox 189 789 1165 874; baseline 0 -20"><span class='ocrx_word' id='word_1_17' title='bbox 189 793 332 874; x_wconf 87' lang='lat' dir='ltr'>judiciali</span> <span class='ocrx_word' id='word_1_18' title='bbox 347 812 456 856; x_wconf 83' lang='lat' dir='ltr'>causas</span> <span class='ocrx_word' id='word_1_19' title='bbox 480 795 703 858; x_wconf 87' lang='lat' dir='ltr'>contentiosas.</span> <span class='ocrx_word' id='word_1_20' title='bbox 731 794 829 873; x_wconf 85' lang='lat' dir='ltr'>Hujus</span> <span class='ocrx_word' id='word_1_21' title='bbox 845 789 987 856; x_wconf 90' lang='lat' dir='ltr'>nominis</span> <span class='ocrx_word' id='word_1_22' title='bbox 1007 794 1089 855; x_wconf 87' lang='lat' dir='ltr'>ratic</span> <span class='ocrx_word' id='word_1_23' title='bbox 1110 809 1165 854; x_wconf 82' lang='lat' dir='ltr'>ex-</span> 
     </span>
     <span class='ocr_line' id='line_1_5' title="bbox 191 891 1162 972; baseline 0.001 -21"><span class='ocrx_word' id='word_1_24' title='bbox 191 891 328 972; x_wconf 89' lang='lat' dir='ltr'>plicatur</span> <span class='ocrx_word' id='word_1_25' title='bbox 340 909 378 954; x_wconf 87' lang='lat' dir='ltr'>ex</span> <span class='ocrx_word' id='word_1_26' title='bbox 400 910 437 954; x_wconf 92' lang='lat' dir='ltr'>eo</span> <span class='ocrx_word' id='word_1_27' title='bbox 451 895 536 972; x_wconf 88' lang='lat' dir='ltr'>quod</span> <span class='ocrx_word' id='word_1_28' title='bbox 560 891 717 954; x_wconf 78' lang='lat' dir='ltr'>Auditores</span> <span class='ocrx_word' id='word_1_29' title='bbox 731 892 826 968; x_wconf 82' lang='lat' dir='ltr'>Botoe,</span> <span class='ocrx_word' id='word_1_30' title='bbox 842 892 876 954; x_wconf 95' lang='lat' dir='ltr'>in</span> <span class='ocrx_word' id='word_1_31' title='bbox 901 891 978 954; x_wconf 89' lang='lat' dir='ltr'>orbe</span> <span class='ocrx_word' id='word_1_32' title='bbox 1004 891 1162 968; x_wconf 81' lang='lat' dir='ltr'><strong>sedentes,</strong></span> 
     </span>
     <span class='ocr_line' id='line_1_6' title="bbox 192 990 786 1052; baseline 0.002 -1"><span class='ocrx_word' id='word_1_33' title='bbox 192 990 420 1052; x_wconf 88' lang='lat' dir='ltr'>controversias</span> <span class='ocrx_word' id='word_1_34' title='bbox 434 996 538 1052; x_wconf 87' lang='lat' dir='ltr'>rotant</span> <span class='ocrx_word' id='word_1_35' title='bbox 549 997 580 1052; x_wconf 91' lang='lat' dir='ltr'>et</span> <span class='ocrx_word' id='word_1_36' title='bbox 593 991 786 1052; x_wconf 84' lang='lat' dir='ltr'>examinant.</span> 
     </span>
    </p>

    <p class='ocr_par' dir='ltr' id='par_1_5' title="bbox 192 1084 1167 1442">
     <span class='ocr_line' id='line_1_7' title="bbox 230 1084 1166 1168; baseline 0.002 -21"><span class='ocrx_word' id='word_1_37' title='bbox 230 1087 255 1149; x_wconf 91' lang='lat' dir='ltr'>l.</span> <span class='ocrx_word' id='word_1_38' title='bbox 272 1086 370 1168; x_wconf 65' lang='lat' dir='ltr'>Origo.</span> <span class='ocrx_word' id='word_1_39' title='bbox 386 1123 426 1132; x_wconf 98' lang='lat'><em>-</em></span> <span class='ocrx_word' id='word_1_40' title='bbox 440 1089 521 1150; x_wconf 86' lang='lat' dir='ltr'>Illud</span> <span class='ocrx_word' id='word_1_41' title='bbox 534 1084 673 1151; x_wconf 86' lang='lat' dir='ltr'>tribunal</span> <span class='ocrx_word' id='word_1_42' title='bbox 697 1095 744 1151; x_wconf 90' lang='lat' dir='ltr'>est</span> <span class='ocrx_word' id='word_1_43' title='bbox 759 1087 1033 1168; x_wconf 68' lang='lat' dir='ltr'>antiquissimum</span> <span class='ocrx_word' id='word_1_44' title='bbox 1052 1087 1166 1151; x_wconf 89' lang='lat' dir='ltr'>Ponti·</span> 
     </span>
     <span class='ocr_line' id='line_1_8' title="bbox 192 1177 1167 1268; baseline 0.005 -23"><span class='ocrx_word' id='word_1_45' title='bbox 192 1186 267 1247; x_wconf 88' lang='lat' dir='ltr'>lices</span> <span class='ocrx_word' id='word_1_46' title='bbox 281 1186 367 1248; x_wconf 88' lang='lat' dir='ltr'>enim</span> <span class='ocrx_word' id='word_1_47' title='bbox 379 1205 504 1268; x_wconf 90' lang='lat' dir='ltr'>semper</span> <span class='ocrx_word' id='word_1_48' title='bbox 528 1187 707 1250; x_wconf 88' lang='lat' dir='ltr'>habuerunt</span> <span class='ocrx_word' id='word_1_49' title='bbox 733 1177 807 1248; x_wconf 87' lang='lat' dir='ltr'>suos</span> <span class='ocrx_word' id='word_1_50' title='bbox 830 1186 1028 1250; x_wconf 77' lang='lat' dir='ltr'>consiliarios</span> <span class='ocrx_word' id='word_1_51' title='bbox 1043 1189 1167 1250; x_wconf 88' lang='lat' dir='ltr'>etrele·</span> 
     </span>
     <span class='ocr_line' id='line_1_9' title="bbox 192 1283 1166 1365; baseline 0.004 -22"><span class='ocrx_word' id='word_1_52' title='bbox 192 1284 365 1363; x_wconf 88' lang='lat' dir='ltr'>rendarios,</span> <span class='ocrx_word' id='word_1_53' title='bbox 399 1285 513 1365; x_wconf 88' lang='lat' dir='ltr'>quihus</span> <span class='ocrx_word' id='word_1_54' title='bbox 532 1292 642 1364; x_wconf 86' lang='lat' dir='ltr'>postea</span> <span class='ocrx_word' id='word_1_55' title='bbox 665 1301 816 1347; x_wconf 87' lang='lat' dir='ltr'>concessa</span> <span class='ocrx_word' id='word_1_56' title='bbox 839 1283 899 1346; x_wconf 89' lang='lat' dir='ltr'>luit</span> <span class='ocrx_word' id='word_1_57' title='bbox 920 1284 1051 1348; x_wconf 79' lang='lat' dir='ltr'>facultas</span> <span class='ocrx_word' id='word_1_58' title='bbox 1076 1285 1166 1365; x_wconf 88' lang='lat' dir='ltr'>judi-</span> 
     </span>
     <span class='ocr_line' id='line_1_10' title="bbox 193 1375 672 1442; baseline -0.004 0"><span class='ocrx_word' id='word_1_59' title='bbox 193 1380 298 1442; x_wconf 91' lang='lat' dir='ltr'>candi.</span> <span class='ocrx_word' id='word_1_60' title='bbox 385 1375 392 1392; x_wconf 80' lang='lat'><strong><em>&#39;</em></strong></span> <span class='ocrx_word' id='word_1_61' title='bbox 453 1393 456 1399; x_wconf 91' lang='lat'><em>·</em></span> <span class='ocrx_word' id='word_1_62' title='bbox 670 1407 672 1414; x_wconf 95' lang='lat'>·</span> 
     </span>
    </p>

    <p class='ocr_par' dir='ltr' id='par_1_6' title="bbox 167 1478 1169 1937">
     <span class='ocr_line' id='line_1_11' title="bbox 232 1478 1168 1560; baseline -0.001 -19"><span class='ocrx_word' id='word_1_63' title='bbox 232 1479 271 1542; x_wconf 92' lang='lat' dir='ltr'>ll.</span> <span class='ocrx_word' id='word_1_64' title='bbox 307 1478 495 1542; x_wconf 83' lang='lat' dir='ltr'>Constitutio.</span> <span class='ocrx_word' id='word_1_65' title='bbox 520 1513 561 1526; x_wconf 89' lang='lat'><em>-</em></span> <span class='ocrx_word' id='word_1_66' title='bbox 578 1482 659 1543; x_wconf 82' lang='lat' dir='ltr'>Rota</span> <span class='ocrx_word' id='word_1_67' title='bbox 692 1485 817 1543; x_wconf 91' lang='lat' dir='ltr'>constat</span> <span class='ocrx_word' id='word_1_68' title='bbox 848 1479 1020 1542; x_wconf 87' lang='lat' dir='ltr'>duodecim</span> <span class='ocrx_word' id='word_1_69' title='bbox 1048 1479 1168 1560; x_wconf 89' lang='lat' dir='ltr'>judici-</span> 
     </span>
     <span class='ocr_line' id='line_1_12' title="bbox 167 1575 1169 1660; baseline 0.002 -20"><span class='ocrx_word' id='word_1_70' title='bbox 167 1625 169 1628; x_wconf 74' lang='lat'>·</span> <span class='ocrx_word' id='word_1_71' title='bbox 191 1575 261 1656; x_wconf 85' lang='lat' dir='ltr'>hus,</span> <span class='ocrx_word' id='word_1_72' title='bbox 279 1580 332 1658; x_wconf 88' lang='lat' dir='ltr'>qui</span> <span class='ocrx_word' id='word_1_73' title='bbox 348 1598 385 1642; x_wconf 86' lang='lat' dir='ltr'>ex</span> <span class='ocrx_word' id='word_1_74' title='bbox 399 1580 580 1643; x_wconf 92' lang='lat' dir='ltr'>nationibus</span> <span class='ocrx_word' id='word_1_75' title='bbox 593 1579 752 1660; x_wconf 89' lang='lat' dir='ltr'>primariis</span> <span class='ocrx_word' id='word_1_76' title='bbox 765 1583 978 1641; x_wconf 87' lang='lat' dir='ltr'>assumuntur.</span> <span class='ocrx_word' id='word_1_77' title='bbox 994 1579 1073 1641; x_wconf 90' lang='lat' dir='ltr'>Octo</span> <span class='ocrx_word' id='word_1_78' title='bbox 1094 1583 1169 1642; x_wconf 86' lang='lat' dir='ltr'>sunl</span> 
     </span>
     <span class='ocr_line' id='line_1_13' title="bbox 190 1677 1168 1759; baseline -0.001 -20"><span class='ocrx_word' id='word_1_79' title='bbox 190 1677 277 1754; x_wconf 90' lang='lat' dir='ltr'>Itali,</span> <span class='ocrx_word' id='word_1_80' title='bbox 308 1679 373 1741; x_wconf 91' lang='lat' dir='ltr'>duo</span> <span class='ocrx_word' id='word_1_81' title='bbox 398 1679 541 1759; x_wconf 85' lang='lat' dir='ltr'>Hispani,</span> <span class='ocrx_word' id='word_1_82' title='bbox 565 1698 645 1740; x_wconf 92' lang='lat' dir='ltr'>unus</span> <span class='ocrx_word' id='word_1_83' title='bbox 671 1679 774 1742; x_wconf 84' lang='lat' dir='ltr'>Gallus</span> <span class='ocrx_word' id='word_1_84' title='bbox 804 1684 835 1741; x_wconf 88' lang='lat' dir='ltr'>et</span> <span class='ocrx_word' id='word_1_85' title='bbox 868 1679 949 1740; x_wconf 85' lang='lat' dir='ltr'>alter</span> <span class='ocrx_word' id='word_1_86' title='bbox 979 1679 1168 1740; x_wconf 82' lang='lat' dir='ltr'>Germanus.</span> 
     </span>
     <span class='ocr_line' id='line_1_14' title="bbox 191 1776 1169 1857; baseline 0 -19"><span class='ocrx_word' id='word_1_87' title='bbox 191 1776 347 1840; x_wconf 82' lang='lat' dir='ltr'>Dicuntur</span> <span class='ocrx_word' id='word_1_88' title='bbox 357 1777 544 1855; x_wconf 75' lang='lat' dir='ltr'>AuditoreS,</span> <span class='ocrx_word' id='word_1_89' title='bbox 559 1795 649 1841; x_wconf 88' lang='lat' dir='ltr'>exeo</span> <span class='ocrx_word' id='word_1_90' title='bbox 664 1779 750 1857; x_wconf 89' lang='lat' dir='ltr'>quod</span> <span class='ocrx_word' id='word_1_91' title='bbox 763 1777 881 1840; x_wconf 89' lang='lat' dir='ltr'>luerint</span> <span class='ocrx_word' id='word_1_92' title='bbox 900 1793 1066 1840; x_wconf 83' lang='lat' dir='ltr'>causarum</span> <span class='ocrx_word' id='word_1_93' title='bbox 1084 1778 1169 1839; x_wconf 90' lang='lat' dir='ltr'>rela-</span> 
     </span>
     <span class='ocr_line' id='line_1_15' title="bbox 191 1880 290 1937; baseline -0.02 0"><span class='ocrx_word' id='word_1_94' title='bbox 191 1880 290 1937; x_wconf 87' lang='lat' dir='ltr'>tores.</span> 
     </span>
    </p>

    <p class='ocr_par' dir='ltr' id='par_1_7' title="bbox 191 1969 1170 2728">
     <span class='ocr_line' id='line_1_16' title="bbox 229 1969 1166 2054; baseline 0 -20"><span class='ocrx_word' id='word_1_95' title='bbox 229 1973 282 2034; x_wconf 90' lang='lat' dir='ltr'>llI.</span> <span class='ocrx_word' id='word_1_96' title='bbox 304 1969 408 2034; x_wconf 81' lang='lat' dir='ltr'>Modus</span> <span class='ocrx_word' id='word_1_97' title='bbox 421 1971 603 2054; x_wconf 74' lang='lat' dir='ltr'>procedendi.</span> <span class='ocrx_word' id='word_1_98' title='bbox 630 1972 812 2036; x_wconf 87' lang='lat' dir='ltr'>-Judices</span> <span class='ocrx_word' id='word_1_99' title='bbox 837 1971 1021 2036; x_wconf 85' lang='lat' dir='ltr'>dividuntur</span> <span class='ocrx_word' id='word_1_100' title='bbox 1039 1973 1073 2034; x_wconf 92' lang='lat' dir='ltr'>in</span> <span class='ocrx_word' id='word_1_101' title='bbox 1099 1978 1166 2036; x_wconf 87' lang='lat' dir='ltr'>tres</span> 
     </span>
     <span class='ocr_line' id='line_1_17' title="bbox 192 2070 1166 2150; baseline -0.004 -16"><span class='ocrx_word' id='word_1_102' title='bbox 192 2073 318 2146; x_wconf 84' lang='lat' dir='ltr'>classes,</span> <span class='ocrx_word' id='word_1_103' title='bbox 334 2071 496 2150; x_wconf 83' lang='lat' dir='ltr'>inquibus</span> <span class='ocrx_word' id='word_1_104' title='bbox 517 2070 647 2147; x_wconf 83' lang='lat' dir='ltr'>singulis</span> <span class='ocrx_word' id='word_1_105' title='bbox 668 2088 748 2130; x_wconf 88' lang='lat' dir='ltr'>unus</span> <span class='ocrx_word' id='word_1_106' title='bbox 761 2076 892 2134; x_wconf 81' lang='lat' dir='ltr'>vocatur</span> <span class='ocrx_word' id='word_1_107' title='bbox 907 2071 1031 2147; x_wconf 86' lang='lat' dir='ltr'>Ponens,</span> <span class='ocrx_word' id='word_1_108' title='bbox 1057 2071 1166 2133; x_wconf 83' lang='lat' dir='ltr'>caeteri</span> 
     </span>
     <span class='ocr_line' id='line_1_18' title="bbox 195 2168 1168 2252; baseline -0.003 -19"><span class='ocrx_word' id='word_1_109' title='bbox 195 2169 463 2252; x_wconf 65' lang='lat' dir='ltr'>Comespondentes.</span> <span class='ocrx_word' id='word_1_110' title='bbox 478 2168 641 2231; x_wconf 87' lang='lat' dir='ltr'>Inlormati</span> <span class='ocrx_word' id='word_1_111' title='bbox 657 2169 697 2231; x_wconf 89' lang='lat' dir='ltr'>de</span> <span class='ocrx_word' id='word_1_112' title='bbox 717 2170 802 2232; x_wconf 85' lang='lat' dir='ltr'>lactc</span> <span class='ocrx_word' id='word_1_113' title='bbox 817 2176 849 2232; x_wconf 91' lang='lat' dir='ltr'>et</span> <span class='ocrx_word' id='word_1_114' title='bbox 857 2171 928 2252; x_wconf 87' lang='lat' dir='ltr'>jure</span> <span class='ocrx_word' id='word_1_115' title='bbox 942 2189 1000 2251; x_wconf 89' lang='lat' dir='ltr'>per</span> <span class='ocrx_word' id='word_1_116' title='bbox 1014 2187 1168 2250; x_wconf 89' lang='lat' dir='ltr'>procura-</span> 
     </span>
     <span class='ocr_line' id='line_1_19' title="bbox 191 2268 1164 2348; baseline -0.002 -16"><span class='ocrx_word' id='word_1_117' title='bbox 191 2273 277 2333; x_wconf 83' lang='lat' dir='ltr'><strong>tores</strong></span> <span class='ocrx_word' id='word_1_118' title='bbox 300 2276 332 2332; x_wconf 86' lang='lat' dir='ltr'>et</span> <span class='ocrx_word' id='word_1_119' title='bbox 357 2269 537 2345; x_wconf 89' lang='lat' dir='ltr'>advocatos,</span> <span class='ocrx_word' id='word_1_120' title='bbox 556 2269 590 2330; x_wconf 90' lang='lat' dir='ltr'>in</span> <span class='ocrx_word' id='word_1_121' title='bbox 605 2268 728 2331; x_wconf 86' lang='lat' dir='ltr'>aedlhus</span> <span class='ocrx_word' id='word_1_122' title='bbox 740 2269 868 2348; x_wconf 88' lang='lat' dir='ltr'>privatis</span> <span class='ocrx_word' id='word_1_123' title='bbox 881 2275 954 2332; x_wconf 80' lang='lat' dir='ltr'>vota</span> <span class='ocrx_word' id='word_1_124' title='bbox 968 2289 1024 2331; x_wconf 91' lang='lat' dir='ltr'>sua</span> <span class='ocrx_word' id='word_1_125' title='bbox 1047 2271 1164 2344; x_wconf 90' lang='lat' dir='ltr'>lerunt,</span> 
     </span>
     <span class='ocr_line' id='line_1_20' title="bbox 193 2365 1167 2447; baseline -0.003 -17"><span class='ocrx_word' id='word_1_126' title='bbox 193 2368 361 2430; x_wconf 90' lang='lat' dir='ltr'>momentis</span> <span class='ocrx_word' id='word_1_127' title='bbox 388 2368 520 2441; x_wconf 89' lang='lat' dir='ltr'>munita,</span> <span class='ocrx_word' id='word_1_128' title='bbox 538 2386 609 2447; x_wconf 84' lang='lat' dir='ltr'>quae</span> <span class='ocrx_word' id='word_1_129' title='bbox 633 2365 753 2446; x_wconf 87' lang='lat' dir='ltr'>scripta</span> <span class='ocrx_word' id='word_1_130' title='bbox 773 2367 905 2429; x_wconf 90' lang='lat' dir='ltr'>Ponenti</span> <span class='ocrx_word' id='word_1_131' title='bbox 932 2370 1112 2429; x_wconf 90' lang='lat' dir='ltr'>traduntur.</span> <span class='ocrx_word' id='word_1_132' title='bbox 1134 2366 1167 2428; x_wconf 92' lang='lat' dir='ltr'>Si</span> 
     </span>
     <span class='ocr_line' id='line_1_21' title="bbox 191 2465 1169 2545; baseline -0.006 -13"><span class='ocrx_word' id='word_1_133' title='bbox 191 2473 263 2532; x_wconf 82' lang='lat' dir='ltr'>vcta</span> <span class='ocrx_word' id='word_1_134' title='bbox 274 2467 474 2545; x_wconf 86' lang='lat' dir='ltr'>conveniant,</span> <span class='ocrx_word' id='word_1_135' title='bbox 490 2467 646 2528; x_wconf 89' lang='lat' dir='ltr'>sententia</span> <span class='ocrx_word' id='word_1_136' title='bbox 670 2466 828 2544; x_wconf 84' lang='lat' dir='ltr'>profertur</span> <span class='ocrx_word' id='word_1_137' title='bbox 840 2483 858 2526; x_wconf 92' lang='lat' dir='ltr'>a</span> <span class='ocrx_word' id='word_1_138' title='bbox 872 2466 1033 2541; x_wconf 90' lang='lat' dir='ltr'>Pcncnte;</span> <span class='ocrx_word' id='word_1_139' title='bbox 1050 2465 1077 2526; x_wconf 91' lang='lat' dir='ltr'>sl</span> <span class='ocrx_word' id='word_1_140' title='bbox 1102 2483 1169 2527; x_wconf 91' lang='lat' dir='ltr'>non</span> 
     </span>
     <span class='ocr_line' id='line_1_22' title="bbox 193 2562 1170 2647; baseline -0.007 -17"><span class='ocrx_word' id='word_1_141' title='bbox 193 2567 410 2644; x_wconf 85' lang='lat' dir='ltr'>convenerint,</span> <span class='ocrx_word' id='word_1_142' title='bbox 423 2565 549 2647; x_wconf 86' lang='lat' dir='ltr'>judices</span> <span class='ocrx_word' id='word_1_143' title='bbox 563 2581 678 2628; x_wconf 87' lang='lat' dir='ltr'>novam</span> <span class='ocrx_word' id='word_1_144' title='bbox 703 2563 965 2626; x_wconf 87' lang='lat' dir='ltr'>deliberationem</span> <span class='ocrx_word' id='word_1_145' title='bbox 977 2562 1170 2644; x_wconf 82' lang='lat' dir='ltr'>aggrediun-</span> 
     </span>
     <span class='ocr_line' id='line_1_23' title="bbox 192 2670 257 2728; baseline -0.031 0"><span class='ocrx_word' id='word_1_146' title='bbox 192 2670 257 2728; x_wconf 88' lang='lat' dir='ltr'>tur.</span> 
     </span>
    </p>

    <p class='ocr_par' dir='ltr' id='par_1_8' title="bbox 191 2749 1165 2941">
     <span class='ocr_line' id='line_1_24' title="bbox 232 2749 1165 2842; baseline -0.002 -17"><span class='ocrx_word' id='word_1_147' title='bbox 232 2761 412 2842; x_wconf 86' lang='lat' dir='ltr'>Appellatio</span> <span class='ocrx_word' id='word_1_148' title='bbox 424 2763 545 2824; x_wconf 87' lang='lat' dir='ltr'>datura</span> <span class='ocrx_word' id='word_1_149' title='bbox 562 2761 667 2841; x_wconf 86' lang='lat' dir='ltr'>prima</span> <span class='ocrx_word' id='word_1_150' title='bbox 679 2762 777 2825; x_wconf 90' lang='lat' dir='ltr'>classe</span> <span class='ocrx_word' id='word_1_151' title='bbox 787 2761 826 2823; x_wconf 90' lang='lat' dir='ltr'>ad</span> <span class='ocrx_word' id='word_1_152' title='bbox 841 2749 974 2824; x_wconf 82' lang='lat' dir='ltr'>alteram</span> <span class='ocrx_word' id='word_1_153' title='bbox 984 2757 1165 2825; x_wconf 86' lang='lat' dir='ltr'>ettertiam.</span> 
     </span>
     <span class='ocr_line' id='line_1_25' title="bbox 191 2860 962 2941; baseline -0.004 -16"><span class='ocrx_word' id='word_1_154' title='bbox 191 2862 371 2941; x_wconf 90' lang='lat' dir='ltr'>Aliquando</span> <span class='ocrx_word' id='word_1_155' title='bbox 381 2862 460 2923; x_wconf 89' lang='lat' dir='ltr'>Rota</span> <span class='ocrx_word' id='word_1_156' title='bbox 469 2861 592 2940; x_wconf 77' lang='lat' dir='ltr'>Judicat</span> <span class='ocrx_word' id='word_1_157' title='bbox 601 2861 686 2923; x_wconf 88' lang='lat' dir='ltr'>velut</span> <span class='ocrx_word' id='word_1_158' title='bbox 698 2879 796 2922; x_wconf 92' lang='lat' dir='ltr'>unum</span> <span class='ocrx_word' id='word_1_159' title='bbox 811 2860 962 2923; x_wconf 88' lang='lat' dir='ltr'>tribunal.</span> 
     </span>
    </p>

    <p class='ocr_par' dir='ltr' id='par_1_9' title="bbox 189 2958 1171 3416">
     <span class='ocr_line' id='line_1_26' title="bbox 230 2958 1167 3038; baseline 0.002 -16"><span class='ocrx_word' id='word_1_160' title='bbox 230 2961 283 3025; x_wconf 86' lang='lat' dir='ltr'>lv.</span> <span class='ocrx_word' id='word_1_161' title='bbox 295 2958 474 3022; x_wconf 81' lang='lat' dir='ltr'>Auctoritas.</span> <span class='ocrx_word' id='word_1_162' title='bbox 491 2959 569 3020; x_wconf 86' lang='lat' dir='ltr'>Cum</span> <span class='ocrx_word' id='word_1_163' title='bbox 593 2958 739 3037; x_wconf 81' lang='lat' dir='ltr'>plurimae</span> <span class='ocrx_word' id='word_1_164' title='bbox 760 2977 874 3032; x_wconf 86' lang='lat' dir='ltr'>causae,</span> <span class='ocrx_word' id='word_1_165' title='bbox 891 2961 1032 3038; x_wconf 90' lang='lat' dir='ltr'>primum</span> <span class='ocrx_word' id='word_1_166' title='bbox 1046 2959 1086 3021; x_wconf 89' lang='lat' dir='ltr'>ad</span> <span class='ocrx_word' id='word_1_167' title='bbox 1102 2963 1167 3024; x_wconf 88' lang='lat' dir='ltr'>Ro-</span> 
     </span>
     <span class='ocr_line' id='line_1_27' title="bbox 190 3057 1167 3138; baseline 0 -18"><span class='ocrx_word' id='word_1_168' title='bbox 190 3063 257 3120; x_wconf 88' lang='lat' dir='ltr'>tam</span> <span class='ocrx_word' id='word_1_169' title='bbox 280 3059 448 3134; x_wconf 73' lang='lat' dir='ltr'>devolutae,</span> <span class='ocrx_word' id='word_1_170' title='bbox 472 3073 490 3118; x_wconf 89' lang='lat' dir='ltr'>a</span> <span class='ocrx_word' id='word_1_171' title='bbox 514 3057 818 3138; x_wconf 79' lang='lat' dir='ltr'>congregationibus</span> <span class='ocrx_word' id='word_1_172' title='bbox 845 3058 1011 3120; x_wconf 89' lang='lat' dir='ltr'>terminari</span> <span class='ocrx_word' id='word_1_173' title='bbox 1033 3058 1167 3138; x_wconf 90' lang='lat' dir='ltr'>possint,</span> 
     </span>
     <span class='ocr_line' id='line_1_28' title="bbox 191 3141 1171 3236; baseline 0.003 -19"><span class='ocrx_word' id='word_1_174' title='bbox 191 3157 297 3232; x_wconf 88' lang='lat' dir='ltr'>hodie,</span> <span class='ocrx_word' id='word_1_175' title='bbox 314 3159 431 3236; x_wconf 84' lang='lat' dir='ltr'>preater</span> <span class='ocrx_word' id='word_1_176' title='bbox 443 3156 515 3218; x_wconf 90' lang='lat' dir='ltr'>lites</span> <span class='ocrx_word' id='word_1_177' title='bbox 529 3155 635 3218; x_wconf 86' lang='lat' dir='ltr'>civiles</span> <span class='ocrx_word' id='word_1_178' title='bbox 653 3156 805 3218; x_wconf 87' lang='lat' dir='ltr'>territorii</span> <span class='ocrx_word' id='word_1_179' title='bbox 820 3155 985 3236; x_wconf 89' lang='lat' dir='ltr'>pontificii,</span> <span class='ocrx_word' id='word_1_180' title='bbox 1003 3141 1105 3218; x_wconf 81' lang='lat' dir='ltr'>causae</span> <span class='ocrx_word' id='word_1_181' title='bbox 1120 3175 1171 3220; x_wconf 88' lang='lat' dir='ltr'>eo-</span> 
     </span>
     <span class='ocr_line' id='line_1_29' title="bbox 189 3253 1171 3336; baseline 0.001 -18"><span class='ocrx_word' id='word_1_182' title='bbox 189 3255 376 3318; x_wconf 85' lang='lat' dir='ltr'>clesiasticae</span> <span class='ocrx_word' id='word_1_183' title='bbox 392 3255 431 3318; x_wconf 89' lang='lat' dir='ltr'>ab</span> <span class='ocrx_word' id='word_1_184' title='bbox 452 3255 520 3335; x_wconf 83' lang='lat' dir='ltr'>ipsa</span> <span class='ocrx_word' id='word_1_185' title='bbox 531 3254 656 3316; x_wconf 90' lang='lat' dir='ltr'>nonnisi</span> <span class='ocrx_word' id='word_1_186' title='bbox 672 3273 709 3317; x_wconf 87' lang='lat' dir='ltr'>ex</span> <span class='ocrx_word' id='word_1_187' title='bbox 733 3253 863 3334; x_wconf 85' lang='lat' dir='ltr'>speciali</span> <span class='ocrx_word' id='word_1_188' title='bbox 877 3255 1103 3318; x_wconf 87' lang='lat' dir='ltr'>commissione</span> <span class='ocrx_word' id='word_1_189' title='bbox 1117 3257 1171 3336; x_wconf 85' lang='lat' dir='ltr'>ju-</span> 
     </span>
     <span class='ocr_line' id='line_1_30' title="bbox 192 3353 348 3416; baseline 0.013 -2"><span class='ocrx_word' id='word_1_190' title='bbox 192 3353 348 3416; x_wconf 87' lang='lat' dir='ltr'>dicantur.</span> 
     </span>
    </p>
   </div>
   <div class='ocr_carea' id='block_1_5' title="bbox 189 3452 1169 3731">
    <p class='ocr_par' dir='ltr' id='par_1_10' title="bbox 189 3452 1169 3731">
     <span class='ocr_line' id='line_1_31' title="bbox 189 3452 1169 3542; baseline 0.002 -28"><span class='ocrx_word' id='word_1_191' title='bbox 189 3520 201 3542; x_wconf 29' lang='grc' dir='ltr'><strong>ἢ</strong></span> <span class='ocrx_word' id='word_1_192' title='bbox 231 3452 414 3515; x_wconf 90' lang='lat' dir='ltr'>Decisiones</span> <span class='ocrx_word' id='word_1_193' title='bbox 427 3453 543 3515; x_wconf 86' lang='lat' dir='ltr'>rotales</span> <span class='ocrx_word' id='word_1_194' title='bbox 563 3452 681 3514; x_wconf 89' lang='lat' dir='ltr'>habent</span> <span class='ocrx_word' id='word_1_195' title='bbox 700 3452 765 3514; x_wconf 88' lang='lat' dir='ltr'>vim</span> <span class='ocrx_word' id='word_1_196' title='bbox 782 3453 1012 3516; x_wconf 89' lang='lat' dir='ltr'>sententiarum</span> <span class='ocrx_word' id='word_1_197' title='bbox 1027 3454 1169 3535; x_wconf 89' lang='lat' dir='ltr'>supremi</span> 
     </span>
     <span class='ocr_line' id='line_1_32' title="bbox 190 3549 1168 3631; baseline -0.001 -16"><span class='ocrx_word' id='word_1_198' title='bbox 190 3549 368 3616; x_wconf 88' lang='lat' dir='ltr'>tribunalis.</span> <span class='ocrx_word' id='word_1_199' title='bbox 391 3551 538 3623; x_wconf 81' lang='lat' dir='ltr'>Quamvis</span> <span class='ocrx_word' id='word_1_200' title='bbox 554 3569 620 3613; x_wconf 89' lang='lat' dir='ltr'>non</span> <span class='ocrx_word' id='word_1_201' title='bbox 642 3551 758 3614; x_wconf 84' lang='lat' dir='ltr'>faciant</span> <span class='ocrx_word' id='word_1_202' title='bbox 777 3551 828 3631; x_wconf 85' lang='lat' dir='ltr'>jus</span> <span class='ocrx_word' id='word_1_203' title='bbox 851 3569 909 3630; x_wconf 88' lang='lat' dir='ltr'>pro</span> <span class='ocrx_word' id='word_1_204' title='bbox 934 3550 1094 3630; x_wconf 88' lang='lat' dir='ltr'>omnibus,</span> <span class='ocrx_word' id='word_1_205' title='bbox 1110 3553 1168 3614; x_wconf 88' lang='lat' dir='ltr'>sed</span> 
     </span>
     <span class='ocr_line' id='line_1_33' title="bbox 191 3647 1169 3731; baseline 0.002 -19"><span class='ocrx_word' id='word_1_206' title='bbox 191 3668 250 3730; x_wconf 91' lang='lat' dir='ltr'>prc</span> <span class='ocrx_word' id='word_1_207' title='bbox 268 3647 399 3728; x_wconf 83' lang='lat' dir='ltr'>singulis</span> <span class='ocrx_word' id='word_1_208' title='bbox 419 3653 543 3712; x_wconf 88' lang='lat' dir='ltr'>tantum</span> <span class='ocrx_word' id='word_1_209' title='bbox 561 3667 640 3728; x_wconf 88' lang='lat' dir='ltr'>quos</span> <span class='ocrx_word' id='word_1_210' title='bbox 666 3650 852 3731; x_wconf 86' lang='lat' dir='ltr'>respiciunt,</span> <span class='ocrx_word' id='word_1_211' title='bbox 880 3655 987 3714; x_wconf 83' lang='lat' dir='ltr'>tamen</span> <span class='ocrx_word' id='word_1_212' title='bbox 1010 3651 1066 3714; x_wconf 93' lang='lat' dir='ltr'>ubi</span> <span class='ocrx_word' id='word_1_213' title='bbox 1092 3656 1169 3714; x_wconf 91' lang='lat' dir='ltr'>sunt</span> 
     </span>
    </p>
   </div>
   <div class='ocr_carea' id='block_1_6' title="bbox 0 0 1318 4258">
    <p class='ocr_par' dir='ltr' id='par_1_11' title="bbox 0 0 1318 4258">
     <span class='ocr_line' id='line_1_34' title="bbox 0 0 1318 4258; baseline 0 0"><span class='ocrx_word' id='word_1_214' title='bbox 0 0 1318 4258; x_wconf 95' lang='lat' dir='ltr'> </span> 
     </span>
    </p>
   </div>
  </div>
 </body>
</html>
