2588 4272
232 323 281 371 136
392 321 549 372 Expostulo
571 317 749 366 annuentes
768 321 851 368 tonis
873 320 1033 370 cenontcl.

505 521 518 580 s
534 523 599 570 1.-
611 515 723 582 neuun
740 481 888 582 senentes
902 516 945 583 (t).

210 735 212 739 ,
271 673 385 755 Reputo
403 677 444 736 1⁸.
456 672 600 751 -Legis
624 672 844 752 interpretatio
861 674 989 751 se'mper
1007 672 1094 750 juxta
1115 690 1207 736 men-

231 771 494 852 temlegislatoris
508 767 693 832 lieridebet.
709 769 835 831 Etenim
858 769 992 831 intentio
1017 769 1208 849 legislatoris

231 876 280 932 est
296 870 402 932 anima
425 869 504 950 legis
529 874 560 932 et
580 866 782 946 obligationis
798 884 955 928 mensura.
973 867 1111 928 Proinde
1126 887 1208 946 qua·

231 985 357 1046 cunque
369 967 490 1028 ratione
504 961 647 1028 voluntas
659 964 846 1045 legislatoris
859 968 993 1040 constet,
1007 964 1098 1045 juxta
1117 964 1208 1028 illam

230 1065 281 1126 lex
294 1065 354 1126 erit
368 1064 618 1144 interpretanda.

269 1162 434 1244 Repulsi&
453 1197 490 1208 -
511 1165 590 1225 Cum
613 1161 746 1250 materia
764 1161 841 1238 legis
861 1159 977 1222 debeat
1000 1176 1067 1222 esse
1090 1161 1208 1223 rationi

231 1261 403 1322 conformis
417 1267 449 1324 et
463 1261 607 1323 societati
626 1260 726 1332 utilis,
743 1259 888 1320 evitanda
910 1263 957 1320 est
980 1258 1034 1318 illa
1052 1259 1210 1338 interpre-

230 1359 321 1428 tatio,
336 1375 449 1438 exque
470 1363 657 1438 sequeretur
676 1351 861 1431 absurdum,
888 1355 1053 1435 iniquitas,
1078 1363 1210 1420 contra-

229 1456 324 1518 rietas
338 1457 456 1535 legum,
470 1445 625 1536 ipsalegis
637 1455 809 1529 inutilitas;
824 1471 910 1530 nam,
927 1459 962 1516 ut
974 1459 1065 1516 acute
1077 1454 1209 1534 scripsit

230 1553 360 1631 quidam
375 1560 496 1628 auctor,
509 1554 592 1616 inter
603 1553 704 1614 varias
716 1551 837 1631 species
845 1551 1117 1630 interpretationis
1128 1569 1210 1616 non·

231 1651 307 1712 dum
321 1659 504 1714 recensetur
515 1651 734 1732 interpretatio
744 1647 937 1710 annihilationi
948 1648 1036 1726 legis.

270 1748 384 1830 Reputo
396 1753 438 1811 3¹.
457 1783 496 1796 —
516 1749 719 1827 Exceptionis
734 1765 751 1807 a
769 1747 876 1824 regula
889 1751 952 1807 tres
965 1751 1038 1808 sunt
1051 1747 1208 1826 praecipui

230 1845 377 1910 effectus.
396 1845 519 1907 Primus
541 1846 670 1908 effectus
687 1865 695 1906 ε
712 1843 859 1924 Enceptio
879 1843 1032 1926 restringit
1053 1844 1211 1925 regulum

229 1959 303 2003 nam
318 1934 535 2005 universalitas
548 1944 664 2020 regulae
681 1942 786 2003 deficit
802 1948 949 2020 respectu
963 1959 1054 2004 casus
1067 1943 1207 2022 excepti.

269 2039 420 2102 Semondes
434 2041 562 2102 effectus
579 2059 586 2102 :
607 2039 754 2121 Exceptio
771 2039 903 2102 declaret
916 2039 1070 2122 requiam·
1084 2041 1208 2104 etenim

231 2154 268 2200 ex
282 2138 432 2217 qualitate
448 2138 645 2218 exceptionis
665 2142 806 2217 apparet,
824 2139 864 2200 de
881 2155 945 2216 quo
962 2155 1071 2199 rerum
1090 2155 1208 2217 genere

230 2237 338 2316 regula
356 2236 517 2316 disponat.
1217 2290 1220 2294 .

272 2331 384 2394 Tertius
406 2334 535 2396 effectus
556 2332 727 2414 :Exceptio
749 2333 853 2416 firmat
873 2336 1006 2417 regulam
1023 2333 1058 2395 in
1080 2333 1209 2396 casibus

230 2448 295 2492 non
310 2432 468 2510 exceptis;
482 2431 514 2491 id
528 2435 586 2504 est,
598 2448 699 2506 casus,
713 2431 766 2510 qui
778 2433 901 2512 excepti
913 2451 980 2496 non
989 2432 1206 2513 reperiuntur,

231 2534 402 2592 censentur
416 2528 640 2612 comprehensi
655 2527 713 2590 sub
728 2530 851 2608 regula.

362 2727 378 2792 ἓ
395 2727 419 2780 2.
435 2755 466 2764 -
481 2726 593 2794 Regulee
603 2727 848 2795 interpretationis
860 2727 1010 2780 emensirae
1024 2728 1065 2792 (t).

269 2882 384 2964 Regulo
403 2889 446 2946 l‘.
467 2919 507 2930 -
526 2883 568 2946 Ob
583 2884 673 2945 solum
693 2881 909 2945 similitudinem
928 2883 1061 2958 rationis,
1083 2882 1133 2944 lec
1148 2903 1207 2945 non

228 2977 407 3044 ostendendo
421 2983 515 3044 estad
530 2999 620 3043 casus
632 3001 697 3044 non
709 3001 884 3062 expressos.
897 2983 1023 3044 Etenim
1034 2981 1115 3044 ratio
1127 2982 1207 3062 legis

227 3097 292 3142 non
314 3085 361 3142 est
374 3081 442 3160 ipsa
458 3081 523 3152 lex;
541 3080 702 3158 legislator
722 3098 787 3143 non
804 3081 953 3146 intendit·
965 3081 1119 3161 obligare,
1142 3081 1204 3142 nisi

228 3178 268 3239 ad
282 3179 328 3254 id,
342 3178 428 3258 quod
444 3177 603 3257 exprimit.

268 3275 383 3357 Reputo
396 3280 440 3339 2¹.
461 3311 503 3323 -
518 3275 560 3338 Ob
575 3275 756 3338 identitatem
774 3277 908 3354 rationale,
923 3276 1051 3339 extensio
1068 3275 1140 3358 lepis
1153 3274 1205 3357 fu-

259 3431 294 3496 (i)
315 3407 540 3496 schmalzgrueber‚
563 3437 608 3486 Jns
625 3436 828 3502 ecclesiasticum,
841 3436 883 3487 lib.
899 3436 920 3498 l,
936 3437 976 3488 u't.
990 3441 1015 3488 2.
1025 3461 1058 3476 ·-
1071 3437 1206 3500 zellinger,

162 3533 164 3538 ¹
229 3513 414 3562 Institutionum
427 3515 471 3564 lib.
484 3517 505 3574 1,
518 3514 557 3565 tit.
570 3521 593 3565 2.

259 3593 293 3656 (n
313 3595 415 3654 Sum-cz,
428 3594 461 3642 ‹le
478 3594 593 3658 Legibus,
611 3595 654 3646 lib.
670 3597 711 3647 Vl.
723 3622 751 3634 ·-
764 3597 886 3660 Meschoi,
901 3597 1070 3647 institutiones
1079 3597 1155 3662 jorres
1166 3610 1205 3646 cn-

229 3675 320 3736 nonen,
328 3674 372 3725 lib.
387 3675 408 3736 l,
422 3672 496 3724 tit-2.
