2588 4272
225 261 260 308 94
387 261 545 308 uxrcsrrlo
566 259 743 308 uuruoulcn
764 259 848 306 turus
871 260 1026 308 GANONIGI.

261 377 313 438 ΙΙΙ.
328 376 505 458 Acqciritor
516 375 718 456 privilegium
736 376 785 437 vel
799 375 973 438 concessione
982 377 1134 460 principes
1155 379 1212 440 vel

222 475 487 536 communicatione.

263 576 290 634 l.
311 573 359 634 Ad
375 577 564 651 potestatem
578 571 782 650 legislativam
798 572 937 651 pertinet
949 573 1115 654 privilegia
1128 585 1212 635 con·

226 669 1207 750 cederetumquiasoluslegislatorpotestalegibuscxirnere,

221 775 291 832 tum
304 769 378 848 quia
398 767 559 847 obligandi
585 773 658 828 sunt
681 767 747 841 alii,
765 784 803 828 ne
826 767 1058 846 privilegiatum
1081 769 1117 828 in
1143 787 1211 828 usu

223 867 331 947 gratia
346 867 531 944 impediant.
545 867 662 927 Verum
672 869 810 944 potestas
823 866 1021 926 concedendi
1035 865 1212 946 privilegia

223 965 422 1042 restringitur
434 965 473 1022 ad
487 962 632 1024 materias
648 961 849 1041 dispositioni
859 963 1065 1024 concedentis
1076 963 1212 1043 subjec-

223 1071 271 1124 tas
282 1081 290 1134 ς
303 1061 387 1122 unde
401 1065 512 1122 contra
527 1061 577 1138 jus
594 1077 764 1122 commune
779 1061 863 1120 solus
876 1059 1019 1121 Pontifex
1033 1061 1211 1141 privilegia

223 1159 387 1237 indulgere
405 1159 496 1220 valet.
520 1157 686 1237 Privilegia
707 1173 781 1218 vero
799 1162 915 1235 prater
937 1158 1040 1236 legem
1064 1161 1210 1220 concedi

223 1261 356 1334 possunt
370 1255 465 1317 etiam
489 1273 552 1316 non
567 1255 713 1331 subditis,
740 1255 899 1334 siquidem
912 1261 984 1316 sunt
998 1261 1087 1318 actus
1103 1274 1210 1319 merae

222 1353 433 1416 liberalitatis.
452 1354 500 1415 Ad
525 1353 763 1414 concessionem
779 1353 1014 1432 privilegiorum
1029 1355 1127 1416 ctiam
1158 1373 1210 1418 re·
1264 1395 1267 1399 -

223 1452 322 1512 fertur
335 1469 445 1512 eorum
461 1451 659 1512 confirmatio
671 1451 720 1512 vel
742 1450 914 1511 innovatio.

262 1553 291 1610 ἓ.
310 1547 511 1626 Privil'egium
525 1547 593 1628 jam
615 1547 750 1609 existens
770 1547 945 1625 acquiritur
966 1565 1024 1626 per
1039 1549 1209 1610 commani-

219 1641 372 1717 aotionem,
386 1642 513 1720 quando
537 1641 681 1720 superior
707 1641 906 1719 privilegium
932 1641 987 1702 uni
1011 1659 1209 1704 concessum

223 1739 373 1800 etiamad
399 1740 532 1800 alterum
554 1739 705 1800 extendit.
734 1739 770 1800 V.
787 1757 816 1818 g.
833 1739 997 1818 privilegia
1019 1740 1114 1802 unius
1130 1743 1211 1802 uni-

222 1836 376 1898 versitatis
391 1836 481 1898 altari
496 1836 688 1898 universitati
704 1837 932 1898 communicari
945 1837 1105 1911 solebant;
1119 1840 1211 1902 inter

224 1933 355 1994 Ordines
366 1933 577 1994 Mendicantes
591 1935 626 1994 fit
641 1934 887 1996 communicatio
904 1935 1162 2014 privilegiorum.

226 2049 229 2054 ·
263 2033 360 2090 Datur
382 2031 498 2108 duplex
522 2031 796 2092 communicatio:
823 2038 853 2092 l⁰
873 2049 930 2110 per
943 2033 1149 2110 retrusionem,
1180 2035 1210 2095 si

224 2126 423 2206 privilegium
433 2145 532 2188 unum
543 2134 574 2190 et
583 2129 670 2190 idem
680 2129 719 2189 ad
730 2130 808 2191 alios
816 2130 1011 2206 extendatur,
1026 2131 1098 2192 illos
1111 2133 1211 2210 quasi
1243 2188 1245 2192 a

225 2225 422 2304 aggregando
440 2226 665 2305 privilegiatis3
691 2233 767 2288 tunc
783 2227 809 2287 si
835 2234 985 2306 augeatur
1005 2229 1052 2290 rel
1077 2229 1211 2291 minua·

223 2327 277 2384 tur
291 2323 491 2402 priuilegium
512 2324 544 2384 in
561 2323 622 2400 his,
647 2315 761 2403 quib'u's
787 2324 847 2386 suit
871 2326 976 2403 primo
1000 2343 1208 2404 concessum,

224 2425 354 2500 augetur
373 2425 404 2482 ct
418 2422 570 2484 minuitur
589 2423 623 2482 in
638 2422 784 2484 omnihus
802 2423 871 2483 aliis
883 2443 891 2497 ;
905 2427 939 2484 2⁰
953 2423 1109 2499 adinstar,
1127 2443 1212 2488 cum

223 2519 262 2578 ad
282 2520 463 2598 exemplum
482 2525 514 2582 et
541 2519 782 2582 similitudinem
806 2521 936 2583 alterius
952 2522 1155 2584 conceditur.
1175 2525 1213 2586 Si

223 2615 254 2675 id
268 2617 321 2678 fiat
333 2615 484 2697 acqualiter
497 2635 552 2678 seu
569 2617 795 2696 parilormiter,
814 2624 985 2697 utrumque
999 2619 1213 2700 privilegium

224 2719 285 2776 stat
300 2733 356 2793 per
365 2733 398 2776 se
412 2721 443 2776 ct
456 2715 709 2794 independenter
720 2713 759 2776 ab
770 2715 850 2790 alio;
864 2715 938 2776 ideo
951 2715 976 2776 si
987 2723 1139 2796 augeatur
1151 2725 1215 2782 aut

223 2813 382 2876 minuatur
393 2814 592 2894 privilegium
609 2813 648 2888 ei,
664 2813 714 2874 cui
731 2813 818 2891 prius
833 2830 1023 2876 concessum
1049 2821 1109 2890 est,
1138 2833 1214 2878 non

223 2917 354 2999 augetur
371 2913 419 2974 vel
440 2913 593 2974 minuitur
605 2911 742 2992 aliis(l).
926 2919 927 2924 ’

262 3013 313 3074 lv.
329 3011 465 3092 Effectus
485 3009 641 3090 privilegii
659 3009 805 3071 consistit
822 3009 855 3070 in
867 3011 1027 3086 facultate,
1043 3029 1109 3074 non
1128 3029 1212 3079 vero
1277 3029 1278 3032 ’

223 3111 407 3188 regulariter
418 3111 460 3184 in·
470 3109 658 3172 necessitate
673 3125 711 3168 eo
731 3108 852 3170 utendi.
869 3111 949 3172 Usus
959 3111 1117 3190 privilegii
1132 3112 1211 3176 haec

225 3207 288 3269 duo
310 3208 461 3287 importat
491 3227 498 3268 :
526 3213 557 3269 l⁰
582 3209 643 3267 Per
666 3205 743 3266 illud
763 3205 826 3284 juri
850 3208 1013 3268 communi
1031 3210 1212 3287 derogatur

225 3307 351 3383 quando
360 3306 423 3385 juri
434 3305 595 3368 communi
608 3304 802 3367 contrarium
819 3309 877 3366 est.
889 3307 951 3367 Sed
962 3307 987 3367 si
997 3307 1211 3387 privilegium

226 3402 418 3464 contrarium
441 3405 480 3466 sit
495 3403 559 3482 juri
573 3402 713 3482 speciali,
738 3407 774 3464 ut
790 3402 993 3480 vim-habeat,
1016 3405 1091 3465 addi
1106 3388 1211 3470 debiat

257 3627 289 3696 (1)
300 3626 431 3690 zauinga,
447 3621 621 3679 institutiones
629 3625 704 3694 juris
715 3627 881 3694 internecti,
894 3629 937 3684 llb.
955 3629 983 3696 v,
995 3631 1035 3684 tlt.
1051 3634 1091 3685 tt.
