2604 4270
168 213 171 222 .
204 183 237 231 ts
374 181 530 229 expostulo
551 181 728 228 unruoolcn
748 183 835 230 {UEIS
858 185 1015 236 desumet.

200 303 318 380 gendes
331 301 540 376 destinantem
565 315 639 361 cum
657 315 772 360 munus
784 301 965 380 episcopale
977 319 1044 364 non
1062 301 1179 365 babeat
1216 335 1218 342 .

196 401 267 480 jure
281 399 388 462 divino
400 404 519 462 certam
531 397 829 460 determinationem
839 417 943 478 neque
955 399 988 460 in
1000 401 1175 478 territorio,

200 515 303 576 neque
318 497 351 558 in
360 497 590 577 jurisdictionis
604 496 737 573 actibus,
753 499 845 576 plura
862 498 1053 560 inferuntur.

240 599 268 658 l.
285 597 455 675 Apostolos
479 595 564 656 misit
586 594 725 658 Christus
740 596 780 656 ad
801 595 1015 658 nuntiandum
1034 597 1178 675 Evange-

197 693 276 754 lium
289 693 323 754 in
335 693 516 756 universum
528 694 649 768 orbem,
665 710 770 772 neque
784 693 867 755 inter
879 693 1020 773 singulos
1032 693 1177 756 civitates

199 791 371 854 distribuit.
400 793 462 854 Sed
489 792 549 872 ipsi
567 791 729 871 deinceps,
755 795 849 854 aucto
864 787 1008 852 fidelium
1027 808 1175 868 numero,

199 890 287 952 illam
306 891 510 952 instituerunt
536 889 735 963 divisionem,
759 907 854 968 quam
874 889 1085 950 necessariam
1109 907 1178 951 esse

199 988 426 1063 existimarunt,
452 991 487 1049 ut
508 992 594 1050 recta
613 987 776 1066 regiminis
800 988 880 1050 ratio
904 993 1073 1050 constaret.
1091 986 1177 1050 Certi

199 1090 271 1146 sunt
284 1085 447 1146 constituti
462 1086 550 1160 fines,
573 1085 655 1147 intra
669 1103 748 1164 quos
768 1085 984 1164 uuusquisque
998 1084 1177 1163 Episcopus

194 1183 451 1262 jurisdictionem
469 1187 623 1244 exerceat.
637 1185 783 1245 lamvero
799 1181 925 1244 dioecesis
938 1187 1069 1244 vocatru
1082 1181 1175 1245 terri·

198 1280 317 1342 terium
328 1281 500 1358 unicuique
517 1280 675 1360 Episcopo
689 1281 894 1360 assignatum.

238 1380 268 1438 2.
285 1377 433 1455 Episcopi
450 1376 620 1438 diaecesani
632 1393 697 1436 non
711 1381 858 1438 exercent
870 1375 1102 1456 plenitudinem
1116 1394 1179 1456 po-

197 1476 343 1549 testatis;
372 1475 513 1554 alioquin
536 1479 584 1536 tot
608 1479 712 1536 esseut
733 1475 984 1555 independentes
1008 1475 1174 1552 Ecclesiae,

198 1579 277 1654 quot
297 1574 514 1652 Episcopatus,
538 1575 574 1634 ln
598 1575 693 1634 finem
706 1574 836 1636 unitatis
851 1573 980 1635 obnoxii
993 1577 1067 1634 sunt
1085 1591 1179 1654 supe·

197 1671 274 1733 riori
292 1671 470 1732 auctoritati
493 1671 683 1732 Pontificum
706 1675 737 1732 et
757 1671 982 1746 Consiliorum,
999 1687 1177 1750 eorumque

197 1773 336 1848 potestas
351 1767 433 1828 intra
446 1769 600 1846 quosdam
615 1767 733 1830 limites
748 1769 940 1830 continetur.

237 1871 266 1928 3.
285 1869 354 1929 Una
376 1865 533 1928 catholica
553 1865 695 1928 Ecclesia
719 1871 843 1928 constat
867 1865 1057 1928 dioecesibus
1078 1866 1178 1928 veluti

196 1965 345 2026 Ecclesiis
366 1963 615 2044 particularibus.
629 1964 785 2025 Dioeceses
799 1965 1095 2043 quidemdicuntur
1114 1965 1178 2026 Ee·

195 2061 289 2124 clesioe
307 2066 338 2123 et
359 2060 564 2123 societatibus
581 2061 729 2139 perlectis
744 2063 990 2142 aequiparantur,
1005 2062 1078 2141 quia
1090 2063 1176 2141 regi-

196 2165 269 2221 men
292 2177 400 2221 earum
414 2159 556 2221 imitatur
569 2159 831 2243 gubernationem
846 2161 998 2224 Ecclesia
1014 2160 1176 2222 universa·
1210 2190 1212 2194 .

196 2258 245 2320 lis.
263 2261 423 2320 Vocantur
433 2275 505 2320 vero
516 2256 657 2319 Ecclesr'oe
662 2258 869 2338 particulares,
890 2259 964 2338 quia
978 2259 1121 2338 pendent
1135 2258 1175 2320 ab

195 2356 336 2418 Ecclesia
350 2357 502 2430 Romana,
520 2355 609 2434 cujus
624 2360 697 2418 suut
715 2356 788 2417 filiae
807 2361 838 2418 et
853 2356 1019 2435 imagines.

235 2455 344 2532 ltaque
365 2453 539 2532 Episcopus
561 2453 639 2532 regit
659 2471 748 2514 suam
769 2455 963 2532 peculiarem
983 2454 1171 2530 Ecclesiam,

196 2569 266 2633 qum
281 2551 378 2614 totius
394 2551 543 2612 Ecclesiae
567 2569 639 2629 pars
663 2557 719 2614 est.
744 2554 860 2614 Omnes
881 2552 1032 2631 Episcopi
1059 2569 1175 2614 curare

195 2649 323 2725 dehent,
343 2653 378 2710 ut
392 2649 597 2726 particulares
619 2649 782 2724 Ecclesia,
808 2667 885 2728 quas
904 2650 1020 2729 singuli
1043 2655 1171 2729 regunt,

196 2751 306 2808 centro
320 2746 483 2809 communi
498 2746 689 2821 adhaereaut,
712 2751 744 2808 et
762 2747 817 2807 uni
834 2747 931 2826 capiti
950 2747 1173 2826 subjiciantur.

196 2845 249 2906 Sic
268 2843 352 2906 enim
362 2843 513 2905 Ecclesiae
528 2844 631 2906 unitas
649 2844 784 2906 efficitur
805 2849 837 2906 et
855 2852 1071 2918 conservatur,
1097 2862 1174 2906 cum

154 2975 159 2982 ·
195 2942 302 3004 omnia
318 2941 461 3004 membra
474 2959 573 3003 unum
587 2946 682 3021 caput
694 2947 879 3020 agnoscunt,
894 2947 926 3004 et
937 2959 1038 3006 unum
1052 2942 1174 3006 habent

195 3045 352 3118 centrum,
370 3039 402 3100 in
419 3057 481 3120 quo
496 3040 731 3120 conjunguntur
745 3037 799 3121 (l).

229 3207 262 3266 (l)
276 3205 371 3268 bereti,
384 3205 571 3256 Institutionum
582 3205 767 3267 canonicorum,
777 3205 822 3256 lib.
839 3206 859 3266 l,
874 3205 959 3277 ttae.
