2604 4270
411 273 637 320 PRAENOTIONES·
974 273 1006 321 le

76 392 197 472 integralis
211 389 347 452 scientiae
367 407 473 453 sacnae.
495 392 574 467 lunc,
592 405 667 452 cum
687 389 849 470 theologia
865 391 909 453 ita
925 407 1005 453 con·

74 489 184 564 nectitur,
205 493 239 549 ut
261 488 327 566 qui,
352 489 519 550 insalutata
538 488 618 566 juris
636 488 814 568 disciplina,
838 488 1005 568 theologus

73 587 221 665 appellatur,
229 585 397 646 dimidium
408 585 579 664 theologiae
593 590 718 647 tantum
732 591 840 648 mente
852 586 1004 664 possidet.

73 683 205 762 lheolcgia
223 682 307 744 enim
320 687 387 744 tota
400 687 447 744 est
463 682 496 742 in
509 681 604 743 nehus
617 683 693 744 fidei
719 688 751 744 et
772 700 899 744 morum
919 683 1008 745 illus·

72 781 171 855 trandis3
183 780 232 858 jus
242 779 493 842 ecclesiasticum
514 785 654 856 versatur
665 780 699 840 in
717 780 762 841 eis
778 781 1006 856 custodiendis,

71 879 241 959 propagandis
258 882 288 940 et
306 878 340 938 iu
358 882 464 940 actum
479 877 708 956 perducendis;
732 876 942 956 quamohrem
953 877 1005 956 ju·

69 977 241 1056 risprudentia
261 975 415 1038 canonica
429 975 545 1036 merito
565 972 731 1052 theologiae
752 974 869 1036 rectrix
884 991 992 1036 nuncu

69 1079 146 1151 patur.

96 1171 216 1232 Secundo
231 1190 237 1231 :
254 1169 378 1232 natione
394 1169 491 1247 ipsius
502 1173 598 1232 status
614 1167 780 1243 clericalis,
798 1185 931 1230 summae
944 1168 1006 1230 uti-

69 1267 138 1328 litatis
148 1274 187 1329 est
199 1267 340 1328 studium
350 1266 431 1345 juris
445 1267 602 1340 canonici,
619 1282 695 1326 nam
708 1265 830 1344 legibus
844 1266 1008 1328 ecelesias·

69 1362 119 1424 licis
131 1364 183 1426 nita
197 1364 269 1425 eleni
286 1364 458 1442 regulatur.

96 1463 201 1527 lertio:
220 1464 344 1526 ratione
361 1462 465 1541 praxis
480 1462 697 1538 sacerdotalis,
708 1460 885 1522 necessaria
897 1465 945 1521 est
955 1475 1007 1520 ea-

70 1574 158 1620 ncnum
167 1547 308 1638 seientia3
322 1561 391 1640 ipsa
401 1558 486 1619 cuim
497 1557 680 1637 suppeditat
691 1574 819 1618 normas
832 1556 1008 1616 adsacrum

70 1656 243 1720 ministerium
265 1663 459 1738 spectantes.
476 1656 523 1716 Ex
544 1671 581 1715 ea
601 1653 791 1715 hauriuntur
805 1653 912 1714 omnia
926 1651 1008 1714 scitu

70 1756 206 1818 neccssaria
220 1758 259 1820 de
273 1755 388 1818 officiis
414 1751 650 1816 ecelesiasticis.
676 1752 734 1812 Pro
755 1751 1007 1812 administrando
1097 1759 1103 1777 ·

72 1852 139 1912 cliann
162 1854 354 1932 penitentia
380 1854 588 1924 sacramento,
622 1849 692 1912 haeo
720 1848 853 1910 scientia
882 1848 1007 1928 egregie
1075 1923 1076 1926 Ἴ

71 1951 176 2027 prodest,
192 1959 257 2014 turn
271 1953 350 2031 quia
365 1951 429 2010 suis
445 1947 612 2027 principiis
629 1946 732 2025 aperit
744 1945 894 2008 Ecclesiae
920 1959 1008 2006 rnen-

70 2051 114 2106 tcu
133 2049 205 2110 circa
222 2050 368 2129 regimen
386 2047 575 2120 animarum,
590 2049 659 2106 tum
672 2043 747 2122 quia
770 2044 943 2122 permultas
958 2061 1008 2104 so-

71 2143 171 2206 lutiones
192 2147 354 2220 eontinet,*
364 2161 441 2223 quas
462 2142 611 2204 sacerdos
625 2141 692 2204 sine
720 2158 778 2202 suo
798 2144 830 2202 et
852 2139 1009 2218 preniten-

70 2239 125 2300 liun
135 2243 321 2305 detrimento
335 2243 480 2320 ignorare
494 2256 559 2300 non
573 2242 689 2316 potest.

97 2339 191 2409 Quanto
207 2363 213 2402 :
229 2343 269 2404 ad
285 2358 402 2401 munus
417 2335 598 2417 parochiale
613 2335 672 2396 nite
696 2334 883 2414 gerendum,
903 2331 1012 2410 nequi-

71 2432 125 2494 ritur
136 2438 238 2512 peritia
250 2439 345 2518 juris.
361 2439 396 2498 ld
410 2453 466 2514 per
480 2436 614 2512 separet
630 2448 670 2492 ex
684 2448 722 2494 eo
736 2431 822 2510 quod
835 2428 941 2491 officia
955 2445 1012 2507 pa·
1045 2493 1048 2499 ,

71 2532 187 2596 ncchialia
206 2555 273 2598 uon
297 2537 389 2616 juxta
411 2531 529 2612 placita
551 2529 673 2609 proprii
696 2546 815 2603 sensus,
843 2529 898 2590 sed
920 2528 1010 2606 junna

70 2643 161 2691 ncrnnas
176 2633 213 2694 ab
229 2632 375 2696 Ecclesia
392 2627 593 2709 praescriptas
618 2627 797 2706 peragenda
821 2631 905 2686 sunt.
926 2626 1012 2684 Prae·

72 2727 139 2802 leren,
153 2731 371 2804 sacerdotibus
386 2726 503 2792 curatis
520 2725 681 2787 interdum
702 2730 873 2786 occurrunt
886 2721 1012 2799 negotia

71 2836 119 2882 cunn
131 2828 361 2906 magistratibus
379 2828 523 2890 civilibus
543 2825 720 2889 tractanda.
742 2824 939 2900 Quapropter
959 2835 1011 2880 re-

71 2922 129 2994 gulas
143 2927 308 2988 canonicas
333 2933 365 2988 et
384 2929 551 2992 relationes
570 2926 735 3002 utriusque
757 2919 921 3000 potcstatis
940 2934 1012 2996 pan-

72 3027 160 3093 spectas
176 3026 293 3089 hahere
313 3027 410 3090 debet
420 3029 589 3106 parochus,
608 3041 648 3086 ne
665 3021 768 3084 aliena
782 3019 854 3099 jura
871 3016 1009 3088 invadat,

71 3122 102 3177 lli
109 3125 226 3202 propria
239 3126 385 3188 dimittat
403 3127 456 3206 (l).

94 3217 131 3278 ll.
143 3222 329 3284 Rationihus
344 3224 468 3285 accedit
479 3222 666 3284 auctoritas.
684 3251 724 3264 -
736 3209 1012 3278 Praetermittimus

72 3307 146 3376 laudes
157 3323 187 3380 et
200 3319 350 3380 encomia
362 3318 474 3398 quihus
483 3318 564 3396 juris
578 3310 786 3378 ecclesiastici
801 3309 967 3371 utilitatem
982 3313 1014 3368 et

72 3413 256 3478 excellentiam
268 3415 434 3478 celebrant
444 3414 627 3489 canonislae,
642 3413 794 3484 dicentes,
807 3405 955 3469 Ecclesiae
965 3421 1014 3467 ca·

92 3621 111 3677 ll)
121 3623 222 3691 Berardi,
236 3598 429 3676 Commentario
444 3625 469 3673 in
480 3623 527 3687 jus
541 3620 746 3672 ecclesiasticum.
761 3615 885 3666 Precatio.
