2588 4272
237 290 270 336 88
402 291 558 338 nxaosmo
579 291 757 340 HETHODIGA
777 291 859 338 sultis
881 289 1038 338 dnuoblcl.

235 409 379 472 servandi
399 409 539 490 aliquam
561 409 739 490 disciplinae
754 411 869 492 legem,
889 410 922 472 id
938 410 1082 489 prolecto
1096 405 1142 468 ab
1162 421 1221 466 ea-

237 508 311 569 dem
331 510 518 572 auctoritate
540 510 676 590 judicari
697 510 803 585 debet,
824 528 895 590 quae
916 509 1050 589 praedita
1071 511 1121 568 est
1142 504 1221 584 jure

237 605 440 686 disciplinam
457 609 601 670 mutandi
617 609 666 670 vel
685 607 877 674 stabiliendi.
895 608 995 686 Igitur
1014 605 1221 685 quicumque

236 702 451 782 disciplinaria
465 707 604 780 decreta,
625 723 696 786 quae
718 724 798 768 nova
818 710 899 782 sunt,
917 704 958 767 ob
980 705 1061 765 bano
1082 701 1221 762 unicam

236 817 363 864 oausam
385 803 578 883 improbant,
591 821 665 866 cum
678 804 819 866 sectariis
831 803 947 866 sentire
957 801 1115 864 videntur.
1131 799 1221 859 Dum

235 904 375 962 veterem
390 902 520 962 laudant
533 902 684 964 Ecclesiae
699 901 914 980 disciplinam,
930 897 1111 978 pontificias
1127 897 1220 973 leges

236 1015 348 1061 recens
372 999 472 1061 editas
495 1005 629 1078 carpunt
649 1005 680 1062 et
701 1000 833 1080 rejicere
855 999 1011 1073 nituntur,
1035 995 1127 1076 quasi
1149 1009 1221 1056 non

237 1096 324 1157 omni
338 1102 484 1176 temporo
496 1097 638 1159 Ecclesia
652 1102 734 1158 esset
747 1114 863 1176 sponsa
874 1095 1000 1171 Christi,
1013 1094 1062 1156 vel
1072 1096 1222 1172 potestas

235 1211 254 1253 a
268 1193 391 1255 Gbristo
405 1193 438 1253 in
451 1199 643 1273 perpetuum
656 1195 771 1256 collata
789 1194 884 1256 certis
898 1198 1083 1271 temporum
1100 1186 1219 1268 spatiis

236 1291 492 1372 restringeretur.

490 1477 506 1542 ᾗ
522 1475 548 1530 2.
559 1503 589 1516 -
605 1475 643 1530 lle
657 1475 828 1543 obductione
844 1477 950 1544 lupum.

276 1629 300 1682 l.
313 1625 481 1698 subjectum
493 1627 565 1699 legis
579 1628 793 1686 ecclesiasticae.

271 1717 299 1770 2.
313 1716 479 1787 deceptatio
493 1716 678 1773 subditorum
690 1733 749 1773 non
761 1715 933 1788 requiritur.

360 1891 475 1950 Qonsrro
491 1894 524 1942 1·.
539 1918 570 1928 -
581 1892 618 1942 Dr
632 1903 750 1943 sumsero
762 1905 830 1944 nnsis
844 1903 1030 1944 soonnsusmcn
1041 1889 1088 1954 (ll.

278 2039 464 2120 Subjectum
488 2041 566 2122 legis
586 2043 706 2123 duplici
727 2046 824 2106 modo
846 2044 1127 2107 determinandum
1147 2047 1218 2116 est;

211 2177 214 2182 -
237 2139 286 2200 vel
298 2137 332 2198 in
345 2155 472 2218 genere,
487 2145 634 2220 respectu
650 2141 807 2218 societatis,
823 2144 871 2205 vel
883 2143 916 2204 in
929 2141 1046 2222 specie,
1064 2145 1223 2220 respectu

236 2255 440 2316 personarum.

278 2336 302 2396 l.
329 2335 419 2414 Legis
447 2335 669 2400 ecclesiastice
694 2337 857 2418 subjectum
889 2338 1046 2418 inponere
1073 2339 1122 2398 esl
1144 2335 1222 2416 ipsa

239 2431 490 2496 Christianorum
509 2435 644 2497 societas
659 2435 798 2516 publica.
812 2438 856 2497 ida
871 2436 958 2498 enim
972 2439 1019 2497 est
1033 2433 1221 2496 differentia

237 2531 321 2593 inter
347 2537 555 2620 preceptum,
579 2533 719 2612 regulam
741 2533 869 2612 proprie
891 2533 1011 2595 dictem
1032 2538 1063 2596 et
1081 2532 1218 2611 legem:

238 2635 436 2710 praeceptum
466 2629 677 2708 singularibus
709 2630 852 2710 personis
882 2630 1078 2710 imponitur;
1106 2629 1222 2710 regula

239 2728 482 2792 communitates
502 2728 642 2790 minores
664 2728 781 2804 allicit3
798 2729 848 2790 lex
862 2728 962 2790 fertur
974 2728 1007 2788 in
1026 2726 1220 2790 societatem

236 2827 420 2905 perlectam.

276 2925 353 2986 Inde
369 2922 512 3002 sequitur
533 2921 711 3002 subjectum
726 2921 804 3002 legis
819 2939 887 2985 esse
902 2922 1091 2985 societatem
1110 2921 1219 3002 publi-

237 3038 317 3084 cem.
332 3022 429 3100 Atqui
444 3037 580 3083 canones
589 3022 733 3082 feruntur
742 3019 775 3080 in
789 3020 976 3083 societatem
994 3021 1216 3083 christianam.

237 3117 320 3198 Ergo
332 3119 474 3182 Ecclesia
488 3118 557 3198 ipsa
573 3122 620 3180 est
632 3117 794 3197 ingerere
817 3117 999 3196 subjectum
1013 3118 1093 3198 legis
1109 3119 1220 3182 eoele-

238 3215 383 3279 siasticae.
693 3273 697 3297 ,,

276 3311 314 3374 11.
337 3313 475 3376 Personoe
495 3313 616 3394 legibus
636 3313 859 3377 ecclesiasticis
882 3312 1033 3376 subditae.
1062 3314 1220 3396 -Legi-

238 3404 297 3468 bus
313 3407 461 3472 humanis
475 3411 654 3473 subduntur
665 3429 776 3474 omncs
799 3416 831 3474 et
851 3410 910 3472 soli
930 3411 1062 3489 subditi,
1081 3413 1219 3475 rationis

268 3573 536 3638 (llsmmalngruober,
557 3577 602 3626 Jus
629 3578 836 3639 ecclesiasticum,
851 3577 898 3627 llb.
917 3577 939 3638 l,
962 3578 1005 3630 tit.
1032 3582 1057 3640 2,
1087 3578 1103 3642 5
1127 3584 1154 3633 6.
1187 3608 1220 3619 -

127 3653 128 3658 ’
237 3651 346 3714 Ρὶτῖιίηκ,
361 3652 407 3701 Jur
420 3655 576 3716 canonicum,
586 3655 630 3705 lib.
645 3658 668 3720 1,
680 3657 723 3707 tlt.
739 3660 763 3718 2,
777 3655 810 3706 De
821 3656 1051 3709 constitutionibus.
