2588 4272
430 225 504 274 PARS
526 225 704 276 annutans,
1017 231 1050 280 93

54 373 56 380 v
90 363 163 408 nunc
181 344 286 422 latius,
317 363 403 408 nuno
419 346 560 408 strictius
578 347 725 410 sumitur.
743 349 848 412 Latius
875 350 971 412 etiam
988 350 1052 414 illa

52 455 54 530 J
96 444 153 504 uris
178 443 415 521 dispositiones,
441 462 512 534 quaa
528 451 688 524 procerte
712 463 826 524 genere
844 465 1051 526 personarum

90 542 277 622 singulariter
295 541 476 604 constitutae
493 547 582 618 sunt,
608 544 771 624 privilegia
794 545 952 621 dicuntur,
975 565 1004 608 v.
1020 565 1050 624 g.

89 639 239 720 privilegia
252 639 454 702 clericorum.
472 641 586 702 Gratiae
601 641 694 721 hujus
708 642 832 721 generis
843 643 948 722 potius
968 644 1052 722 leges

89 739 249 818 singulares
265 743 339 800 sunt
354 755 449 816 quam
470 739 643 818 privilegia,
663 746 851 820 partemque
870 740 950 822 juris
965 757 1054 801 com-

89 836 180 898 munis
197 836 341 897 alliciunt
354 836 408 916 (ll.

118 933 260 996 strictius
273 939 442 1014 acceptum
455 933 655 1015 privilegium
668 941 715 998 est
728 937 873 1018 exceptio
887 935 1053 1015 singulari-

88 1032 135 1094 bus
154 1032 320 1112 personis,
347 1033 437 1109 locis,
465 1033 616 1096 institutis
638 1051 787 1096 concessa
818 1054 855 1098 ex
881 1035 1052 1114 superioris

86 1131 302 1194 benevolentia.
312 1131 476 1210 Ejusmodi
489 1132 651 1211 privilegia
664 1139 737 1194 sunt
755 1133 984 1212 exceptionesa
1000 1149 1050 1192 re·

88 1231 148 1310 gula
156 1229 235 1308 juris
248 1229 427 1290 communis
442 1229 475 1290 in
489 1229 610 1290 ratione
620 1229 697 1308 legis
709 1231 952 1304 haudicurtem,
965 1235 996 1292 et
1010 1229 1050 1290 ad

85 1327 125 1407 jus
138 1327 326 1406 particulare
339 1327 373 1388 in
388 1343 482 1388 sensu
505 1327 705 1388 strictissimo
722 1329 928 1407 pertinentes.
944 1330 989 1390 De
1002 1327 1051 1390 his

89 1424 277 1502 potissimum
291 1423 353 1484 hoo
368 1423 441 1484 loco
457 1423 632 1488 disseritur.

119 1523 220 1602 ltaque
245 1521 448 1600 privilegium
475 1521 625 1584 definitur
659 1522 796 1584 concessio
813 1523 898 1604 juris
923 1521 1053 1603 specialis

86 1615 274 1696 pemmoeutrs.
297 1615 375 1676 Inde
392 1615 448 1676 tria
475 1614 676 1678 inseruntur:
691 1617 799 1698 primo,
814 1616 877 1695 juri
900 1633 1052 1678 concesso

87 1714 242 1794 respondet
268 1713 301 1772 in
316 1712 384 1772 aliis
412 1712 567 1792 obligatio
583 1714 695 1776 saltem
708 1714 852 1793 negativa
871 1732 936 1776 non
950 1713 1051 1793 impe-

89 1811 182 1873 diendi
194 1810 262 1891 ejus
274 1827 377 1872 usum.
392 1809 535 1886 Secundo,
551 1827 625 1872 cum
641 1813 843 1891 privilegium
859 1811 899 1872 sit
914 1811 967 1890 jus
981 1829 1053 1889 spe-

89 1909 164 1986 ciale,
189 1909 351 1988 exemptio
376 1926 441 1970 non
465 1908 646 1970 extenditur
667 1910 706 1970 ad
727 1926 877 1988 personas
893 1909 942 1968 vel
958 1925 1049 1969 casus

87 2025 141 2070 non
152 2025 326 2088 expressos.
345 2005 452 2082 Tertio,
464 2007 677 2097 privilegium,
695 2012 848 2088 quatenus
856 2012 904 2070 est
913 2007 964 2086 jus
978 2025 1051 2086 per-

87 2125 212 2184 manens,
229 2107 367 2168 differta
381 2105 630 2184 dispensatione.

119 2202 156 2265 ll.
172 2199 354 2263 Dioidcctur
366 2199 529 2280 privilegia
541 2201 664 2265 ratione
676 2203 723 2264 vel
739 2201 879 2278 neoterica,
897 2201 944 2262 vel
957 2219 1052 2262 cocce-

89 2297 179 2378 deutia,
194 2301 243 2362 vel
259 2297 390 2380 subjecti.

121 2402 146 2460 l.
161 2398 292 2460 Ratione
316 2396 469 2473 materia,
500 2396 705 2478 distinguitur
727 2397 928 2477 privilegium
950 2405 1051 2458 contro

88 2497 128 2558 rel
135 2504 245 2577 preater
259 2495 373 2575 legem,
393 2500 489 2574 prout
500 2494 623 2574 legibus
645 2497 776 2575 derogat
788 2496 835 2558 vel
853 2500 968 2575 praeter
981 2496 1050 2556 illas

91 2595 190 2658 existit.

121 2701 147 2756 t.
172 2692 304 2756 Ratione
322 2691 494 2772 superioris
523 2692 751 2768 concedentis,
767 2691 1051 2770 privilegiumque·

89 2789 179 2854 ideam
216 2811 254 2856 ex
277 2808 363 2854 mera
394 2791 582 2852 liberalitate
611 2791 822 2864 conceditur;
853 2796 1050 2850 remunerato-

89 2891 157 2951 rium
170 2892 261 2953 datur
272 2890 314 2952 ob
333 2889 447 2950 merita
460 2905 677 2967 personarum,
695 2888 800 2968 qualia
814 2888 878 2948 lere
902 2891 974 2947 sunt
986 2885 1051 2964 pri-

89 2987 638 3069 vilegiaRegularium3onmosemseu
648 2986 887 3051 conventionale
898 2984 1051 3061 accipitur

91 3104 138 3164 per
151 3088 281 3150 modum
296 3090 475 3148 contractus
488 3103 562 3148 cum
574 3085 740 3164 reciproco
753 3100 858 3146 onere.

120 3189 147 3248 3.
162 3185 295 3248 Ratione
319 3182 529 3261 subjectioni
554 3183 756 3262 privilegium
769 3179 965 3256 conceditur,
989 3177 1051 3242 alia

91 3291 152 3346 sunt
168 3283 331 3364 privilegia
351 3281 518 3362 personalia
544 3298 615 3360 quae
636 3297 779 3359 personae
802 3278 968 3353 inhaerent,
989 3279 1050 3340 alia

91 3383 252 3446 veroreelia
267 3399 339 3464 quae
352 3381 472 3444 directe
482 3384 513 3442 et
525 3378 709 3448 immediate
718 3377 885 3458 alligantur
894 3377 951 3456 rei,
963 3379 1047 3456 loco,

93 3482 214 3558 muneri,
236 3480 394 3561 dignitati.

119 3615 148 3678 (u
161 3617 284 3679 menet,
294 3601 464 3671 roliacum
472 3614 546 3679 jeu
561 3613 679 3678 monte,
694 3613 741 3667 ut.
759 3612 789 3678 v,
805 3613 845 3666 aa.
860 3615 902 3666 aa.
