2626 4258
178 257 232 323 352
355 273 512 322 nxroslrlo
533 272 711 320 unanonlca
731 274 815 320 touls
836 276 993 324 canorum.

216 397 246 456 2.
262 393 367 457 Sixtus
381 395 408 456 V
421 395 489 473 ipse
504 389 642 454 instituit
658 379 924 473 congregationes
939 397 1155 477 Regianum,

178 493 319 566 Rituum,
338 492 535 556 Studiorum.

99 667 100 670 Ἴ
217 594 245 654 3.
262 594 336 654 Post
353 592 477 654 Sixtum
500 592 538 665 V,
558 589 640 650 tacta
663 591 711 650 est
736 590 855 652 erectio
874 593 1158 674 congregationum

177 689 1153 770 ExaminisEpiscoporum‚PropagandaeFidei,immunitatis,

151 775 153 780 ’
177 787 462 866 Indulgentiarum,
479 791 540 848 etc.

391 1019 418 1069 2.
431 1014 610 1067 convenientia
623 1015 699 1078 hules
710 1003 900 1081 institutionis(
915 1017 936 1081 t.

218 1201 280 1262 Ista
302 1198 522 1262 convenientia
537 1199 756 1261 consideratur
767 1200 813 1260 vel
829 1204 975 1280 respectu
987 1198 1162 1282 Poaa'ficas;

178 1299 226 1361 vel
241 1303 386 1377 respectu
405 1295 619 1371 Cardiaaliam,
636 1299 683 1358 vel
700 1298 732 1358 in
751 1298 862 1360 ordine
877 1299 915 1359 ad
930 1297 1162 1359 da'strihaa'oaem

177 1397 370 1478 negotiorum,
398 1396 445 1457 vei
476 1396 584 1456 habita
610 1395 732 1457 ratione
762 1395 868 1477 forma
885 1396 1040 1478 collegetitis
1063 1415 1160 1478 quam

180 1491 445 1575 Congregationes
460 1492 610 1558 induunt.

219 1595 243 1655 l.
257 1593 427 1654 Auctoritas
439 1592 477 1654 R.
490 1591 658 1674 Pontifices,
674 1609 748 1653 oum
761 1593 847 1653 solus
857 1593 866 1653 i
871 1609 925 1672 pse
942 1592 1089 1655 omnibus
1103 1611 1164 1656 ne-

180 1690 274 1772 gotiis
293 1697 431 1770 nequeat
449 1691 641 1764 satisfacere,
658 1691 744 1752 velut
757 1691 967 1770 multiplicata
981 1691 1165 1754 communi-

179 1795 269 1852 catur
289 1790 420 1870 singulis
443 1788 752 1868 congregationibus.
764 1789 881 1850 Earum
899 1788 985 1850 enim
1012 1790 1159 1852 membra

180 1891 254 1948 sunt
266 1905 330 1948 non
349 1887 451 1947 solum
466 1891 663 1960 executores,
680 1891 734 1947 aut
749 1904 833 1948 mere
853 1887 1000 1966 delegati,
1016 1889 1072 1950 sed
1087 1906 1161 1951 vere

157 2045 162 2057 ,
176 1984 470 2068 judicesordinarii,
484 1984 905 2066 quipotestatemapostola'com
916 1995 1064 2050 exercent
1071 1989 1162 2067 juxta

181 2084 297 2147 limites
314 2083 455 2144 muneris
473 2081 503 2141 in
527 2082 726 2144 institutione
751 2084 974 2160 determinati;
995 2103 1162 2164 unumque

181 2190 213 2245 et
227 2183 314 2244 idem
323 2181 461 2242 tribunal
474 2197 548 2242 cum
558 2179 1164 2260 Pontificeconstituunt,sicutVicarius

183 2279 339 2357 generalis
354 2293 427 2340 cum
439 2278 609 2357 Episcopo

221 2378 369 2438 Attamen
390 2377 483 2436 salvae
500 2381 574 2436 sunt
595 2377 810 2456 praerogativae
825 2380 1009 2458 personales
1036 2379 1165 2444 Summi

180 2474 362 2550 Pontificis;
378 2474 497 2536 etenim

222 2577 251 2632 t.
268 2571 431 2634 Deeisioaes
454 2573 580 2653 majores
597 2572 657 2633 sibi
679 2578 826 2648 reservat,
841 2579 873 2637 et
885 2575 1034 2655 generalia
1046 2575 1164 2638 domata

178 2669 268 2749 jussu
282 2669 382 2748 ipsius
399 2672 655 2750 promulgantur.

220 2771 251 2836 2.
268 2767 420 2848 Delepata'o
436 2767 566 2850 spectatis
584 2767 756 2846 requiritur
776 2772 812 2830 ut
833 2770 1101 2850 congregationes
1123 2773 1166 2834 de

183 2866 373 2947 quibusdam
389 2866 491 2926 causis
507 2871 711 2944 cognoscant,
730 2871 761 2927 et
784 2865 992 2929 declarationes
1005 2868 1103 2947 tapam
1116 2871 1167 2932 ia-

183 2964 382 3048 terpretatiooe
392 2963 431 3024 ab
445 2963 506 3024 iltis
519 2982 584 3024 non
599 2965 738 3024 eduntur
748 2963 809 3024 nisi
819 2967 966 3028 consulto
980 2969 1147 3032 Pontiiicce

221 3067 250 3125 3.
272 3061 433 3132 Seat'eatioe
449 3077 526 3138 quas
548 3061 814 3139 Congregationes
833 3079 891 3140 per
908 3080 941 3124 se
963 3063 1046 3142 ipsas
1058 3065 1162 3127 valide

181 3163 265 3222 ferre
277 3165 420 3238 possunt,
434 3160 473 3220 de
483 3159 702 3239 tactosemper
712 3159 868 3222 sanctioni
881 3162 1056 3242 pontificia
1068 3163 1168 3244 subji-

183 3258 321 3321 ciuntur.

220 3361 255 3419 t.
275 3345 397 3417 Iadalta
411 3364 440 3418 et
461 3357 576 3437 pratia,
594 3356 828 3437 postulantibus
846 3358 1162 3438 congregationibus,

186 3454 225 3517 ab
239 3455 309 3533 ipso
322 3455 475 3516 Pontifioe
486 3456 714 3518 conceduntur.

218 3641 255 3706 (1)
271 3637 461 3700 Analectajuris
473 3637 593 3702 pontificii
609 3660 615 3690 :
631 3641 681 3692 Des
696 3641 890 3706 Coaprtgatiaas
903 3641 1037 3693 romaiaas.
