2630 4250
236 221 290 270 Its
401 218 557 268 exeosmo
579 217 756 264 neruorum
776 215 859 264 Imus
881 214 1039 264 tinemut.

273 341 314 404 11.
330 339 496 404 Dieminen
518 340 597 398 enter
617 333 854 418 presbyteratum
877 343 906 395 et
920 333 1035 396 ordines
1057 332 1215 416 inferiores

236 437 438 520 potissimum
453 435 630 498 desumitur
647 438 832 514 apotestate
845 433 997 495 offerendi
1009 432 1214 494 sacrificium.

234 535 472 620 Presbyteretus
485 533 571 596 enim
586 537 634 594 est
646 533 726 594 ordo
738 549 801 612 quo
813 530 965 593 tribuitur
977 535 1117 612 potestas
1138 547 1218 592 cun·

234 632 379 696 secrandi
389 649 505 712 corpus
520 630 646 705 Christi,
665 635 697 693 et
712 630 895 692 remittendi
910 635 1052 710 peccata.

274 732 419 810 Synodus
433 728 619 791 Tridentino
636 729 777 790 declarat
794 747 801 790 :
819 750 834 785 u
849 728 1047 790 Sacrificium
1065 731 1097 791 et
1109 744 1219 790 sacer-

233 829 358 892 dotium
375 829 419 890 ita
428 827 484 888 Dei
498 826 698 888 ordinatione
710 825 882 906 conjuncta
893 829 984 902 sunt,
993 831 1029 888 ut
1042 830 1219 904 utrumque

232 928 266 990 in
281 927 368 989 omni
382 928 451 1004 lege
464 924 629 986 exstiterit.
645 927 724 986 Cum
742 924 839 1003 igilur
857 924 894 984 in'·
906 925 993 985 Novo
1010 925 1219 986 Testamento

234 1027 378 1082 sanctum
396 1017 602 1080 Eucharistiae
618 1016 809 1079 sacrificium
824 1015 946 1079 visibile
962 1033 999 1078 ex
1010 1016 1138 1078 Domini
1152 1017 1220 1077 ins-
1307 1084 1308 1092 χ

232 1115 554 1180 titutioneCatholica
568 1115 709 1178 Ecclesia
724 1115 896 1194 acceperit,
911 1115 1002 1178 fateri
1015 1116 1111 1177 etlam
1126 1132 1221 1195 opor-

234 1221 290 1291 tet,
317 1215 351 1276 in
377 1232 413 1276 ea
437 1231 556 1277 novum
582 1231 649 1276 esse
673 1213 796 1278 visibile
823 1219 854 1278 et
879 1219 1044 1276 externum
1066 1215 1220 1276 sacerdo-

233 1313 316 1376 tium
331 1312 386 1392 (l).
402 1335 416 1370 u

223 1437 226 1444 ·
274 1412 362 1473 Idem
377 1405 555 1472 Concilium
568 1410 728 1474 delinivit:
749 1432 763 1470 n
774 1411 806 1474 Si
819 1411 890 1492 quis
902 1411 1017 1473 dixerit
1027 1429 1093 1474 non
1105 1429 1176 1474 esse
1186 1412 1221 1474 iu

235 1509 322 1571 Novo
335 1509 539 1570 Testamenta
556 1509 771 1572 sacerdotium
785 1509 909 1572 visibile
923 1515 955 1572 et
967 1515 1154 1585 externum3
1169 1513 1220 1573 vel

234 1625 299 1669 non
314 1626 381 1670 esso
405 1613 596 1687 potestatem
623 1607 762 1686 aliquam
786 1609 993 1670 consecrandi
1009 1614 1039 1671 et
1061 1609 1218 1671 offerendi

233 1723 344 1768 verum
360 1724 475 1786 corpus
491 1712 522 1768 et
541 1693 727 1785 sanguinem
747 1706 887 1783 Domini,
912 1711 944 1769 et
957 1712 1090 1786 peccata
1103 1699 1220 1770 remit'-

234 1806 324 1869 tendi
339 1811 370 1868 et
384 1804 554 1882 retinendi,
571 1805 740 1867 anathema
752 1804 793 1867 sit
808 1803 860 1886 (2).
1075 1799 1076 1802 ’

591 2019 812 2076 ARTICULUS
831 2021 860 2078 II

503 2179 623 2220 MINISTRI
638 2177 754 2220 uncus
773 2178 806 2219 Its
823 2179 952 2222 ulmeam.

276 2329 321 2389 De
337 2326 400 2387 fide
415 2328 464 2387 est
484 2325 641 2405 ejusmodi
662 2325 823 2390 ministros
844 2326 878 2387 in
892 2326 1034 2390 Ecclesia
1058 2327 1219 2394 existere:

241 2423 300 2488 «Si
313 2423 383 2504 quis
397 2423 514 2485 dixerit
524 2428 639 2504 praeter
648 2425 862 2486 sacerdotium
873 2443 938 2488 non
949 2442 1017 2488 esse
1029 2425 1063 2487 in
1075 2427 1221 2490 Ecclesia

237 2523 396 2586 catholica
407 2521 485 2583 elios
498 2522 638 2596 ordines,
655 2528 687 2589 et
701 2523 836 2602 majores
850 2528 881 2585 et
894 2523 1043 2601 minores,
1057 2543 1115 2604 per
1126 2543 1219 2606 ques,

236 2623 323 2683 velut
348 2638 405 2699 per
432 2621 546 2699 gradus
570 2621 735 2702 quosdam,
763 2621 796 2684 in
817 2622 1031 2684 saeerdOIIum
1057 2625 1221 2704 tendatur,

238 2721 406 2784 anathema
420 2719 462 2780 sit
474 2719 527 2800 (3).
542 2741 557 2778 u

278 2821 302 2882 I.
319 2817 450 2880 Misictri
460 2819 597 2910 majores.
612 2851 652 2867 -
664 2820 784 2882 Praeter
801 2819 1031 2898 Episcopatum
1045 2825 1077 2884 et
1088 2823 1222 2906 presby·

238 2923 387 2992 temtum,
411 2916 578 2978 ordinibus
603 2915 777 2996 majoribus
792 2934 847 2978 seu
864 2917 1030 2980 ordinibus
1050 2921 1150 2983 sacris
1166 2939 1223 2984 ac·

240 3021 410 3080 censentur
428 3014 598 3076 diaconatus
612 3019 643 3076 et
655 3014 889 3078 subdiaconatus.

282 3118 312 3176 l.
332 3115 497 3176 Discrimen
509 3113 586 3174 inter
604 3113 789 3174 diaconatum
802 3121 831 3176 ct
848 3113 962 3176 ordines
974 3115 1137 3198 inferiores.
1152 3119 1224 3196 Die·

241 3217 374 3274 conatus
393 3212 543 3274 definitur
569 3213 677 3274 :ordo
700 3229 798 3287 sacer,
823 3229 887 3291 quo
904 3217 1043 3291 potestas
1070 3215 1223 3280 tribuitur

242 3309 385 3388 proxime
408 3309 600 3372 inserviendi
625 3309 813 3392 presbytero
835 3326 903 3371 rem
928 3326 1052 3372 sacram
1077 3313 1222 3380 facienti.

273 3492 305 3554 (l)
320 3492 384 3542 sess.
405 3495 496 3557 XXIII,
520 3507 576 3557 cop.
600 3510 618 3545 1.
633 3524 663 3532 -
680 3493 718 3561 (2)
739 3495 805 3548 Sese.
826 3497 917 3559 XXIII,
938 3509 994 3548 ean.
1015 3511 1032 3548 1.
1046 3525 1077 3536 -
1092 3497 1129 3561 (e)
1150 3501 1218 3551 sess.

242 3571 329 3634 XXIII,
346 3586 400 3622 cen.
417 3587 445 3622 u.
971 3601 973 3604 ·
