2604 4270
255 247 289 292 aa
412 241 569 290 uxrosrrro
590 231 769 286 unruomca
789 240 872 284 rums
895 240 1052 288 cruorum.

255 365 341 425 nitus
356 362 506 424 traditam
524 358 631 432 fnisse,
652 373 723 434 quae
742 356 782 416 ad
803 356 960 418 unitatem
979 358 1152 420 efficaciter
1170 375 1235 420 ser-

256 464 390 524 vandam
400 457 577 522 necessaria
589 461 647 518 est.

295 557 409 638 Regulo
423 561 465 618 3⁸.
479 589 519 602 -
528 557 564 617 ln
577 551 726 616 omnibus
740 551 778 612 iis
794 569 865 631 quae
880 554 920 614 ad
932 560 1092 636 praecepta
1106 571 1235 616 morum

257 660 289 716 et
298 655 454 733 justitiam
462 653 640 714 naturalem
652 648 824 728 pertinent,
840 649 865 708 si
874 650 1017 728 positivae
1028 653 1113 730 leges
1121 651 1236 714 Christi

259 752 419 828 deficiant,
431 753 502 830 jura
514 755 545 812 et
555 749 660 811 olfieia
672 745 867 808 definiuntur
878 748 1064 827 candnihuS,
1081 754 1236 828 quatenus

258 850 398 912 Ecclesia
413 851 516 928 legem
531 848 707 909 naturalem
719 845 954 924 interpretatur.

297 945 412 1026 Regulo
434 949 477 1006 4¹.
499 977 540 987 -
559 943 616 1004 lus
640 940 783 1002 naturale
802 940 940 1000 maxime
959 942 1040 1003 valet
1063 942 1103 1002 ad
1128 943 1237 1020 legum

260 1043 442 1122 aequitatem
457 1038 757 1112 demonstrandam3
775 1036 893 1099 etenim
905 1038 997 1100 multi
1013 1055 1148 1101 canones
1164 1046 1238 1101 sunt

256 1139 334 1218 juris
346 1139 498 1201 naturalis
509 1135 748 1216 applicationes.

383 1343 407 1389 2.
424 1341 460 1390 De
475 1353 521 1388 usu
531 1337 596 1401 J‘uris
610 1336 687 1387 divini
699 1335 799 1398 positivi
812 1336 837 1384 in
849 1337 907 1398 jure
919 1337 1037 1388 canonico
1052 1340 1094 1400 (1).

300 1493 355 1554 Jus
385 1491 526 1553 divinum
553 1491 734 1570 positivum,
757 1506 773 1549 a
797 1488 869 1567 jure
891 1489 1027 1551 naturali
1050 1489 1238 1552 distinctum

261 1596 416 1668 quatenus
429 1590 622 1652 revelatione
637 1591 737 1652 fertur
754 1591 786 1648 et
802 1586 949 1648 homines
966 1587 1074 1667 dirigit
1087 1589 1127 1648 ad
1141 1589 1239 1651 finem

261 1691 545 1765 supernaturalem,
562 1692 692 1767 praestat
713 1703 805 1748 usum
819 1686 1019 1763 frequentem
1032 1685 1066 1746 in
1077 1685 1240 1764 jurispru-

260 1783 370 1844 dentia
382 1784 546 1860 canonica,
563 1783 722 1862 siquidem
736 1782 877 1844 Ecclesia
892 1783 1014 1862 legibus
1028 1781 1141 1843 divinis
1155 1784 1241 1844 velut

262 1882 470 1942 fundamento
483 1882 604 1943 nititur.
628 1883 707 1942 Cum
726 1881 800 1942 fidei
817 1881 974 1960 principia
987 1898 1052 1959 prae
1067 1881 1169 1942 oculis
1185 1881 1243 1940 ha·

262 1977 476 2038 bendasintin
487 1978 681 2056 explicandis
691 1979 841 2040 Ecclesiae
854 1977 1040 2055 canonibus,
1053 1979 1127 2039 ideo
1138 1977 1243 2040 Theo·

261 2074 345 2153 logia
359 2081 543 2137 recensetur
560 2075 644 2137 inter
659 2076 853 2137 adminicula
867 2075 951 2138 Juris
967 2075 1123 2137 canonici.

294 2171 449 2244 ¹Jamvero
464 2172 668 2251 distinguitur
682 2172 747 2234 Lea
757 2173 853 2246 Nova,
869 2177 901 2234 et
918 2171 999 2233 Vetus
1016 2171 1242 2233 Testamentum.

610 2357 646 2408 Dc
663 2371 710 2406 usu
724 2357 795 2419 Legis
805 2359 886 2408 Novae.

210 2507 213 2514 “
303 2510 366 2570 Lex
380 2509 466 2568 Nova
479 2507 661 2582 constatiis
676 2495 822 2568 omnihus
837 2526 907 2586 quae
921 2509 1061 2570 Christus
1071 2511 1247 2590 praeoepit.

264 2606 322 2670 Vel
334 2605 368 2664 in
383 2604 560 2682 lluditione,
575 2606 622 2666 vel
636 2605 670 2666 in
683 2603 851 2684 Scripturas
861 2605 942 2667 Novi
955 2607 1131 2668 Testamenti
1140 2609 1248 2670 eonti-

266 2709 368 2766 netur.

304 2803 329 2862 l.
346 2800 523 2862 Proditionis
536 2800 668 2862 nomine
682 2801 870 2880 intelligitur
886 2802 1031 2864 doctrina
1045 2821 1101 2864 seu
1113 2803 1251 2864 institu-

265 2894 322 2968 tio,
350 2911 419 2972 quae
441 2911 459 2952 a
478 2893 590 2972 primis
608 2891 789 2955 auctoribus
804 2893 899 2956 verbo
917 2914 983 2956 non
997 2897 1116 2975 scripto
1131 2896 1165 2955 in
1180 2897 1250 2958 Ec-

266 2991 361 3053 clesia
372 2991 502 3052 inducta
517 2990 586 3052 suit.
601 2993 669 3051 Non
681 2996 806 3052 tantum
816 2992 850 3052 in
860 2993 1042 3072 Theologia,
1053 2995 1109 3056 sed
1121 2994 1153 3054 in
1163 2995 1250 3056 Jure

266 3106 416 3168 magnum
438 3094 485 3150 est
499 3089 583 3149 illius
603 3093 812 3166 momentum,
833 3092 907 3170 quia
921 3093 988 3171 jam
1003 3094 1077 3153 inde
1095 3110 1114 3153 a
1130 3092 1252 3153 lunda·

265 3185 357 3247 tione
366 3185 516 3247 Ecclesiae
531 3185 677 3266 plurimae
692 3187 776 3266 leges
790 3188 894 3249 verbis
907 3190 1033 3252 traditae
1048 3195 1130 3252 sunt.

306 3283 376 3342 Alia
390 3291 437 3343 est
447 3283 803 3346 auotoritastraditionis
817 3285 931 3349 divinae
942 3307 1013 3368 quae
1023 3288 1182 3352 Christum
1192 3287 1251 3368 ip-

266 3393 336 3438 sum
346 3377 441 3440 hahet
454 3386 629 3457 auctorem,
640 3387 673 3442 et
688 3381 749 3442 alia
760 3383 941 3446 traditionis
950 3387 1133 3465 apostolieae
1144 3392 1177 3448 et
1191 3404 1253 3448 ec-

296 3561 331 3624 (l)
348 3559 439 3622 Seglia,
454 3562 623 3614 Institutioues
630 3565 702 3628 juris
711 3566 809 3630 publici
819 3571 985 3632 ecelesiastici,
996 3584 1054 3634 pars
1067 3571 1087 3632 l,
1102 3584 1161 3632 cap.
1183 3583 1215 3620 11.
