2626 4258
452 255 525 300 rhus
547 255 712 303 sauciatis.
1016 259 1069 306 ⁸79

89 371 178 450 viget
202 371 236 430 in
259 369 450 432 dioecesibus
478 373 630 434 universis
654 391 728 436 usus
751 375 879 436 creandi
902 377 1071 439 canonicos

89 471 293 533 honorarios.
315 471 482 532 Accedunt
496 471 725 534 declarationes
739 474 854 552 quihus
866 474 1071 554 congregatio

90 570 323 633 Conciliihanc
342 569 547 630 ecclesiarum
573 571 695 649 praxim
719 571 842 650 prohat,
870 571 993 633 etiamsi
1017 591 1071 634 ca-

89 667 228 730 nonicus
239 667 426 729 honorarius
441 685 506 728 non
519 669 666 730 inserviat
681 669 831 732 Ecclesiae
848 669 898 731 cui
918 670 1072 731 adscribi-

89 773 157 828 tur.
1053 763 1055 768 ’

134 862 423 942 Suffragaturratio
440 863 669 924 convenientiae
696 881 703 922 :
730 861 809 924 utile
837 869 884 924 est
909 863 1069 937 Ecclesiae,

90 977 187 1038 posse
204 961 287 1021 viros
311 961 349 1022 de
367 960 520 1040 religione
535 960 615 1022 hene
636 961 768 1022 meritos
792 961 922 1040 publico
943 961 1072 1022 honoris

91 1057 278 1119 testimonio
292 1075 348 1136 per
362 1058 557 1137 Episcopum
573 1063 604 1119 et
619 1057 800 1135 Capitulum
812 1058 1030 1119 condecorari.

133 1156 292 1234 Equidem
303 1156 490 1234 prohibetur
504 1154 662 1216 institutio
673 1155 903 1217 canonicorum
913 1157 980 1218 sine
993 1175 1074 1235 prae-

90 1255 210 1316 henda.
226 1254 260 1314 ld
274 1262 379 1314 autem
393 1253 582 1332 intelligitur
596 1255 636 1314 de
649 1254 811 1315 canonicis
824 1255 952 1334 proprie
965 1255 1070 1316 dictis.

133 1356 162 1412 E.
181 1350 284 1412 Modus
293 1370 338 1411 eos
352 1349 480 1411 creandi.
494 1351 670 1430 Episcopus
678 1351 750 1412 illos
762 1351 851 1430 eligit
863 1369 1072 1413 cumassensu
1140 1341 1144 1347 “

91 1449 240 1528 Capituli.
256 1449 422 1511 Sufficiens
434 1466 509 1510 vero
523 1466 695 1510 consensus
706 1448 883 1524 exhibetur,
897 1449 1072 1511 dummodo

93 1548 274 1628 Capitulum
289 1547 540 1608 nominationem
556 1547 725 1626 approbet,
741 1551 773 1607 et
790 1547 958 1608 canonicos
974 1548 1074 1608 hono·

92 1647 194 1707 rarios
210 1646 241 1704 in
256 1645 320 1706 suis
338 1645 436 1706 stallis
452 1644 610 1717 admittat,
632 1661 748 1724 eosque
774 1644 890 1706 tabulis
907 1645 1070 1708 inscribat.
1099 1631 1103 1644 ’

136 1745 268 1805 Nonnisi
291 1761 328 1804 ex
343 1761 436 1805 causa
451 1741 590 1821 legitima
605 1743 672 1803 heri
697 1742 791 1803 debat
810 1743 929 1803 creatio
944 1743 1072 1804 canoni-

93 1859 207 1904 corum
222 1844 260 1903 ad
274 1842 422 1903 honoros.
442 1843 598 1902 Numerus
611 1857 721 1901 eorum
740 1841 824 1902 ultra
839 1846 942 1902 certos
956 1841 1073 1901 limites

94 1959 163 2002 non
178 1941 394 2019 protrahatur.

135 2040 166 2098 3.
183 2036 346 2117 Prr'cilepia
361 2036 505 2115 ipsorum
527 2035 722 2096 reducuntur
737 2035 777 2094 ad
798 2033 936 2108 stallum,
955 2050 1073 2096 nomen
1119 2075 1122 2088 .

96 2141 130 2198 et
144 2136 280 2214 insignia
294 2135 531 2196 canonicorum.

288 2325 311 2372 2.
325 2320 503 2370 Canonicorum
515 2319 654 2380 prebendae
666 2324 691 2367 et
705 2279 877 2379 ohligationes.

488 2469 523 2518 Dc
533 2467 679 2530 praebendis.

138 2631 225 2692 Bona
237 2625 546 2706 temporaliaquihus
557 2625 730 2705 capitulum
741 2627 944 2693 sustentatur,
955 2617 1074 2698 duplici

98 2729 198 2790 modo
214 2726 455 2788 considerantur
467 2725 514 2786 vel
533 2725 566 2784 in
581 2740 706 2803 genere,
729 2723 778 2783 vel
798 2720 831 2780 in
850 2719 956 2798 specie
969 2716 1073 2796 quoad

99 2825 244 2888 Galliam.

139 2925 164 2985 1.
182 2924 230 2984 hd
243 2923 381 3001 capitula
393 2925 538 3000 spectant
550 2920 627 3001 ipsae
637 2917 802 3002 proebeodoe
815 2922 846 2979 et
858 2913 1076 2976 distributiones

99 3021 307 3103 quotidianae.

140 3127 170 3181 t.
186 3117 367 3180 Proebeodoe.
384 3117 521 3179 -Olim
537 3134 723 3180 communes
750 3119 839 3177 erant
859 3112 979 3174 reditus
1001 3107 1076 3186 Epi-

101 3218 189 3297 scopi
213 3222 244 3277 et
263 3216 403 3294 capituli,
420 3216 663 3294 communisque
682 3215 792 3276 victus.
817 3211 942 3274 Sensim
967 3207 1077 3288 triges-

101 3322 195 3380 cente
206 3313 359 3376 charitate
370 3317 401 3374 et
414 3313 548 3391 regulari
564 3312 771 3383 observantia,
786 3307 963 3372 communis
976 3324 1078 3368 massa

100 3413 263 3478 redituum
287 3409 385 3470 divisa
419 3415 466 3472 est
495 3409 578 3472 inter
607 3410 799 3488 Episcopum
827 3412 859 3468 et
879 3405 1073 3485 capitulum;

102 3511 217 3572 deinde
233 3508 361 3586 singulis
375 3508 414 3568 de
429 3507 569 3586 capitulo
580 3506 820 3586 proportionata
833 3505 984 3568 honorum
1000 3521 1076 3583 por-

101 3611 148 3674 tio
162 3625 315 3670 concessa
329 3611 387 3685 est,
405 3612 435 3669 el
448 3605 610 3688 prebenda
624 3610 833 3684 nuncupatur.
