2630 4250
183 166 231 213 188
352 167 509 214 EXPOSITIO
531 164 710 210 uurfloolca
730 165 814 210 touls
837 165 993 212 canorum.

178 291 243 347 rate
267 286 391 348 clericis
426 284 630 364 permittere,
661 281 710 342 vel
740 279 834 341 etiam
861 281 1052 344 interdicere
1082 303 1159 362 pos-

178 390 249 445 sunt
265 383 323 462 (l).

216 484 268 542 IV.
291 481 451 540 Armorum
468 477 601 559 portatio.
620 475 684 540 Sub
705 493 798 554 prena
815 478 1157 540 excommunicationis

175 579 312 658 terendae
327 577 451 656 clericis
466 575 654 657 prohibetur
672 591 760 634 arma
782 573 929 635 militaria
952 582 1074 654 gestare
1098 578 1109 658 (
1128 578 1161 657 ),

174 677 241 736 sine
253 677 340 754 justa
354 681 385 737 et
399 674 576 736 necessaria
596 690 698 734 causa.
717 671 830 732 Clerici
853 677 987 750 possunt
1004 691 1092 736 arma
1111 675 1161 735 ad.

174 774 393 836 defensionem
414 771 589 834 necessaria
605 771 655 833 vel
675 769 763 830 domi
782 769 929 840 retinere,
951 773 1002 832 vel
1030 772 1071 833 ob
1094 773 1161 834 iter

174 871 313 932 deterre.

455 1020 470 1082 ς
486 1019 512 1070 t.
523 1045 554 1056 -
566 1017 603 1070 lle
619 1019 725 1070 vestitu
739 997 873 1072 clericali.

212 1191 235 1250 I.
251 1189 314 1250 Lete
324 1196 452 1248 tonsure
465 1195 494 1248 et
506 1185 593 1248 'vestis
607 1187 933 1267 clericalisdeferendoe.
949 1187 1015 1249 Etsi
1025 1187 1160 1250 habitus

172 1305 236 1348 non
250 1287 347 1348 faciat
360 1285 564 1360 monachum,
582 1290 708 1364 oportet
723 1291 828 1350 tamen
843 1285 975 1347 clericos
988 1290 1164 1347 tonsuram

171 1385 205 1445 in
226 1382 346 1446 vertice
370 1383 482 1462 capitis
508 1383 724 1462 conspicuam,
744 1389 776 1445 et
796 1387 897 1444 vestes
920 1383 1049 1461 proprio
1075 1400 1162 1446 con-

170 1487 318 1559 gruentes
334 1481 437 1542 ordini
450 1498 577 1560 semper
590 1481 733 1556 induere,
750 1485 786 1542 ut
799 1498 856 1558 per
871 1481 1050 1542 decentiam
1062 1480 1164 1542 habi-

172 1584 221 1638 tus
249 1579 417 1640 extrinseci
446 1595 573 1640 morum
596 1579 794 1640 honestatem
815 1577 1020 1638 intrinsecam
1045 1581 1161 1638 osten-

171 1675 256 1737 dant.
296 1677 328 1738 Si
359 1677 528 1737 honestum
555 1676 701 1737 habitum
732 1675 1029 1754 clericalemjueta
1058 1674 1160 1756 ionicus

170 1772 314 1852 Episcopi
330 1773 539 1836 ordinationem
563 1781 593 1834 et
610 1773 782 1836 mandatum
804 1791 868 1834 non
893 1772 1074 1847 detulerint,
1092 1789 1155 1852 per

170 1871 424 1949 suspensionem,
447 1889 484 1932 ac
505 1871 601 1932 etiam
615 1889 672 1948 per
692 1871 902 1950 privationem
920 1869 1160 1935 beneficiorum.

170 1968 311 2028 coerceri
327 1968 449 2044 possint
465 1973 496 2029 et
509 1967 646 2030 debeant
659 1968 712 2048 (3).

211 2064 357 2136 Quamvis
370 2070 503 2142 utraque
516 2066 566 2126 lex
575 2065 616 2126 sit
626 2065 858 2144 antiquissima,
876 2066 967 2126 initio
978 2083 1044 2127 non
1057 2065 1161 2127 exsti-

169 2164 208 2224 tit
225 2162 411 2244 :nonenim
426 2167 641 2242 opportunum
661 2163 731 2238 fuit,
746 2169 781 2224 ut
799 2164 911 2244 primis
925 2164 1075 2226 Ecclesiae
1090 2181 1161 2224 sae·

169 2259 249 2320 culis
272 2258 382 2320 cleriei
397 2277 503 2322 rasum
520 2265 680 2339 gestarent
695 2277 856 2323 summum
872 2267 978 2338 caput,
997 2263 1046 2323 vel
1058 2260 1157 2320 habi-

170 2362 203 2418 tu
223 2374 242 2418 a
264 2356 354 2419 laicis
377 2357 528 2422 distincto
548 2362 731 2435 uterentur,
755 2376 795 2420 ne
816 2358 1088 2438 persecutionibus
1109 2375 1147 2418 se

169 2455 356 2534 objicerent.
373 2455 497 2518 Saeculo
512 2460 600 2519 sexto
616 2456 788 2518 discrimen
808 2457 976 2518 inductum
990 2462 1046 2531 est,
1059 2461 1157 2536 post·

169 2570 265 2631 quam
289 2551 416 2614 barbari
431 2553 656 2616 vestimentum
676 2554 801 2616 brevius
824 2555 1007 2617 intulerunt..
1028 2557 1158 2617 Verum

170 2651 271 2714 multo
283 2656 374 2714 antea
389 2656 490 2712 vestes
502 2651 693 2712 clericorum
703 2651 860 2714 modestia
876 2653 1041 2715 distinctas
1052 2653 1155 2716 fuisse

169 2754 306 2810 constat.

209 2849 246 2907 ll.
264 2845 365 2922 Qualis
377 2864 435 2906 esse
448 2845 548 2906 debeat
562 2845 676 2908 habitus
699 2847 882 2912 elericorum.
901 2852 999 2912 -De
1016 2867 1157 2928 compo-

170 2945 284 3006 sitione
299 2943 412 3022 capitis
428 2944 490 3004 tria
502 2945 708 3022 requiruntur
728 2951 881 3008 :tonsura
898 2947 1016 3026 geritur
1029 2949 1067 3008 ad
1079 2963 1157 3008 eam

169 3044 315 3120 formam,
339 3061 435 3124 quam
449 3045 563 3123 singuli
582 3045 710 3106 ordines
724 3037 902 3122 postulant(
912 3045 1025 3106 Clerici
1040 3045 1154 3125 prohi-

170 3139 285 3203 hentur
307 3159 434 3204 comam
448 3147 503 3204 aut
516 3141 647 3206 barbam
665 3142 764 3204 modo
788 3141 990 3231 secularium
1011 3142 1152 3203 nutrire.

200 3335 235 3400 (l)
253 3341 402 3392 Benedictus
409 3341 471 3400 XlV,
482 3342 514 3391 de
526 3341 636 3404 synodo,
653 3342 697 3392 lib.
710 3342 753 3401 Xl,
764 3355 820 3404 cap.
833 3357 859 3392 x.

203 3421 235 3477 lt)
250 3421 320 3480 Creg.
342 3419 493 3480 Derratatee,
504 3421 547 3470 lib.
562 3421 605 3483 lll,
619 3423 658 3471 tit.
671 3436 691 3481 1,
704 3421 737 3472 de
747 3423 806 3472 Vita
817 3425 843 3471 et
858 3420 1157 3472 honestateelerieorum.

203 3500 238 3563 (a)
252 3498 389 3548 Concilium
403 3499 584 3563 Tridentinum,
596 3514 657 3552 sess.
675 3503 743 3564 xlv,
757 3501 790 3550 dr
800 3501 911 3565 nepem.
923 3513 981 3562 cap.
1000 3513 1040 3548 vr.
