2620 4258
152 269 202 322 tat
329 273 485 320 sxrosmo
506 269 684 318 unrfloblcn
705 273 788 317 struis
808 271 963 318 trinomen

150 391 206 452 sed
219 393 335 452 statuta
360 405 432 470 qua
457 389 522 470 Juri
547 389 711 451 communi
738 389 953 463 adversantur,
978 385 1132 448 firmitate

151 495 269 552 carent.

190 587 348 648 Novitates
361 588 393 648 in
408 587 572 648 dioecesim
586 605 650 648 non
665 586 799 648 inducit.
824 586 1000 646 Prudenter
1014 582 1134 660 infligit

61 700 63 704 ’
149 703 308 750 censuras.
333 685 515 748 Abstineta
537 685 638 746 nimia
661 685 838 759 severitate,
860 683 901 744 ab
920 683 1133 754 immoderata

149 784 334 845 extensione
345 800 476 845 casuum
489 787 730 844 reservatorum.

187 883 229 944 ll.
257 879 456 942 Stercuto-
480 881 576 960 Leges
599 879 765 959 synodales
790 877 909 940 debent
930 895 997 940 esse
1018 879 1126 950 utiles,

149 979 242 1044 claris
254 978 358 1040 verbis
370 978 578 1052 concinnata.
597 978 670 1040 loco
684 983 715 1039 et
735 977 1127 1056 temporiconrenientes.

188 1079 364 1159 Episcopus
377 1077 547 1139 consilium
561 1075 698 1155 Capituli
714 1075 858 1154 requirit,
875 1075 934 1136 etsi
944 1093 1008 1138 non
1020 1080 1129 1138 tenea·

148 1163 291 1240 tnr'illud
307 1176 408 1256 sequi.
429 1179 528 1256 Leges
543 1176 721 1256 synodales
743 1175 810 1236 sine
836 1175 970 1237 oonsilio
994 1175 1128 1254 capituli

148 1277 254 1352 edita,
275 1295 341 1338 non
364 1277 478 1351 valent,
501 1292 574 1336 cum
596 1273 746 1336 deficiant
769 1291 787 1336 a
810 1292 922 1336 norma
940 1273 1128 1353 praescripla

148 1375 351 1454 (Benedictus
366 1373 458 1454 XIV).

187 1473 293 1536 Solius
306 1471 456 1552 Episcopi
469 1476 516 1533 est
534 1469 780 1534 constitutiones
799 1465 965 1550 synodales
983 1487 1039 1532 sua
1050 1470 1127 1532 sub-

113 1630 115 1633 ,
146 1571 318 1650 scriptione
333 1571 471 1632 firmare.

482 1769 507 1818 3.
522 1766 590 1818 Ordo
600 1766 781 1816 celebrationis.

185 1921 308 1982 indicta
323 1921 385 1994 dic,
398 1921 567 1982 conficitur
580 1922 786 1992 decretorum,
797 1905 960 2002 specimen
974 1925 1125 1984 sacerdo·

144 2017 228 2080 tillus
238 2017 551 2079 communicandum.
570 2018 721 2079 Dioeeesis
731 2017 858 2097 publice
869 2025 1026 2098 precatur.
1047 2021 1125 2101 Epi-

145 2133 260 2196 scopus
272 2116 306 2176 in
316 2115 683 2194 praeviacongregatiorte
692 2122 809 2176 statum
821 2117 965 2180 dioecesis
976 2117 1122 2198 requirit.

184 2215 219 2275 ln
236 2212 363 2294 Synodo
386 2212 545 2290 eliguntur
566 2211 717 2273 officiales
740 2213 878 2294 duplicis
901 2215 1034 2294 generis.
1061 2215 1125 2276 Alii

143 2311 184 2372 ab
198 2311 358 2390 Episcopo
373 2309 609 2372 constituuntur
623 2311 776 2373 officiales
795 2314 925 2394 synodi;
943 2331 970 2374 v.
993 2331 1023 2392 g.
1046 2330 1123 2392 pro-

145 2416 260 2481 motor,
278 2408 477 2482 secretarius,
495 2408 648 2483 notarius,
667 2413 728 2471 etc.
746 2431 754 2484 ;
776 2411 828 2470 alii
843 2411 995 2490 deinceps
1008 2428 1125 2472 munus

50 2576 53 2583 ¹
145 2523 237 2568 suum
259 2505 378 2568 obituri
394 2511 477 2580 sunt,
492 2525 521 2566 v.
542 2524 572 2584 g.
591 2506 822 2568 examinatores
837 2509 1013 2588 synodales.

167 2591 284 2680 Ritus,
305 2603 395 2682 juxta
417 2603 548 2664 titulum
569 2603 763 2665 Pontifioalis
779 2603 872 2686 (Ordo
887 2603 927 2666 od
945 2605 1120 2688 Synodcm),

142 2702 308 2764 imitantur
328 2701 579 2763 celebrationem
602 2702 730 2763 concilii
747 2703 958 2781 provincialis.
977 2706 1123 2786 Synodus

118 2818 122 2836 ·
142 2800 223 2862 solet
238 2799 357 2860 absolvi
378 2797 481 2860 tribus
496 2799 698 2876 sessionibus,
715 2791 799 2860 inter
813 2819 890 2880 quas
907 2800 1030 2864 institui
1049 2819 1124 2880 pos-

87 2946 89 2952 ,
142 2903 215 2958 sunt
229 2897 502 2974 congregationes.
522 2897 723 2959 sessionibus
736 2897 952 2960 solemnitates
966 2899 1122 2980 religiosas

141 3000 172 3059 ct
185 2993 237 3074 pia
250 2992 403 3054 exercitia
414 2993 544 3074 adjungi
556 2999 798 3058 consueverunt.

218 3204 332 3264 Qussrro
345 3205 380 3253 δ’.
394 3229 425 3239 -
443 3205 558 3252 Eunones
574 3216 644 3254 cruca
658 3205 752 3254 Surour
766 3217 984 3258 courrnuamoueu
999 3209 1042 3272 (1).

180 3359 205 3418 l.
225 3357 349 3420 statuta
361 3357 522 3438 synodalia
536 3375 602 3420 non
615 3363 709 3438 egent
725 3361 966 3423 confirmatione
979 3363 1017 3426 R,
1036 3364 1122 3424 Pon-

139 3453 245 3531 tificis,
259 3471 361 3534 neque
373 3455 529 3516 revisione
543 3472 685 3518 romana.
701 3457 862 3520 Asortiori
871 3477 936 3520 non
946 3460 1120 3540 requiritur

169 3629 201 3692 (ll
217 3626 365 3678 Benedlctus
378 3625 442 3686 xlv,
456 3627 486 3676 de
496 3627 597 3691 Syncdc
607 3629 756 3692 diocesano,
767 3631 812 3684 lib.
833 3631 899 3683 xlll.
