2604 4270
412 243 636 290 PRAENOTIONES.

218 451 240 497 1.
257 449 294 496 De
305 461 351 496 usu
359 448 423 508 juris
439 449 564 498 naturalis
575 449 601 497 in
612 449 670 509 lare
686 451 815 500 canonico.

76 603 96 662 l.
110 599 252 660 Excessus
264 597 382 660 orlandi.
398 633 438 644 -
450 601 519 662 Duo
533 619 657 668 errores
668 601 701 663 in
714 622 774 664 usu
786 604 867 682 juris
877 609 1006 666 natura-

49 699 76 759 lis
89 697 198 759 vitandi
213 703 287 758 sunt
308 717 315 757 :
337 699 418 758 alter
443 715 554 760 eorum
574 704 631 774 est,
652 701 706 780 qui
723 705 908 780 argumenta
925 701 1005 778 juris

47 794 174 856 naturalis
183 794 223 855 ab
236 795 451 863 ecclesiastica
457 797 712 877 jurisprudentia
721 797 767 858 ita
781 802 954 872 removent,
967 815 1004 859 ac

48 895 66 953 si
77 898 195 970 utraque
209 893 378 971 disciplina
388 891 448 953 sibi
462 900 545 956 esset
559 895 699 956 adversa.
715 895 803 956 Alter
819 912 930 956 eorum
944 899 1001 970 est,

47 991 89 1069 qni
100 991 164 1068 plus
178 1007 270 1068 aequo
290 990 405 1050 rationi
423 991 575 1066 tribuunt,
596 993 671 1054 dum
687 993 795 1054 omnia
809 990 1003 1054 indiscrimi-

46 1087 127 1148 natim
138 1105 173 1150 cx
189 1087 327 1150 naturali
342 1089 412 1166 jure
429 1089 595 1150 definiunt.
634 1165 637 1172 ⁴
1067 1079 1070 1086 Δ

75 1187 105 1246 ln
116 1186 213 1264 primo
229 1203 337 1248 errore
351 1186 396 1245 illi
411 1185 524 1247 versati
539 1191 622 1266 sunt,
638 1187 737 1266 quiin
751 1185 918 1247 hominum
934 1185 1003 1246 olfi-

47 1284 90 1343 ciis
101 1285 300 1363 exponendis
317 1285 350 1344 in
366 1284 560 1362 explicandis
575 1272 698 1362 legibus
713 1303 784 1363 quae
797 1285 897 1364 ajure
911 1283 1002 1345 natu-

47 1382 91 1442 rali
102 1383 294 1461 depromptae
309 1387 392 1456 sunt,
404 1383 525 1442 nullam
537 1383 679 1462 ejusdem
691 1384 771 1463 juris
785 1383 939 1444 naturalis
953 1399 1002 1442 ra-

46 1480 144 1542 tionem
172 1479 367 1540 habuerunt.
399 1481 434 1540 ln
454 1481 589 1542 alterum
618 1497 759 1542 errorem
782 1479 903 1557 delapsi
930 1486 1002 1541 sunt

47 1580 248 1652 ProtestanteS,
275 1577 330 1655 qui
355 1576 388 1637 in
406 1577 660 1655 jurisprudentia
685 1577 837 1638 canonica
861 1576 1002 1654 primum

47 1674 132 1736 locun
145 1675 205 1753 juri
226 1675 368 1736 naturali
383 1674 575 1751 tribuerunt,
591 1692 631 1736 eo
648 1691 723 1736 sanc
737 1673 883 1747 consilia,
901 1677 936 1734 ut
954 1690 1002 1732 sa-

47 1787 118 1832 crum
130 1773 280 1834 Ecclesiae
300 1771 442 1848 regimen
459 1776 492 1832 et
508 1769 718 1832 hierarchiam
734 1771 933 1832 destruerent
946 1767 1000 1846 (t).

75 1870 105 1930 ll.
119 1869 233 1949 hucuca
244 1867 396 1930 servande
407 1869 445 1930 ad
460 1885 606 1930 excessus
621 1868 837 1930 declinandos

75 1965 173 2048 hepuia
184 1971 226 2028 Ρ.
243 2001 284 2012 -
302 1965 376 2028 Cau
389 1965 523 2026 Ecclesia
536 1967 576 2026 sit
585 1966 703 2027 societas
713 1964 807 2026 libera
823 1961 938 2025 Christi
947 1982 999 2024 co-

48 2062 135 2123 iuututc
144 2065 291 2138 institute,
306 2062 492 2142 mauilcsturu
503 2071 556 2137 est,
571 2061 607 2124 ah
619 2082 650 2124 eo
660 2081 718 2124 esse
727 2060 912 2142 repetendam
920 2061 999 2141 ejus·

47 2157 341 2223 hacoustitutioncrrc.

74 2260 215 2336 Equidem
233 2263 319 2320 Deus
339 2257 449 2319 debuit
473 2257 611 2335 aliquem
633 2257 781 2318 ordinem
803 2257 837 2316 in
856 2256 997 2318 Ecclesia

48 2353 196 2432 instituere,
214 2373 291 2418 curn
308 2356 348 2417 sit
363 2355 487 2435 sapiens
502 2355 661 2416 eonditor.
681 2355 811 2426 Qualem
826 2359 932 2414 autem
948 2370 998 2414 re-

47 2451 148 2526 giminis
167 2455 307 2515 formam
321 2453 505 2526 instituerit,
530 2468 631 2513 cares
653 2469 691 2512 ex
710 2451 815 2512 divina
837 2451 997 2513 voluntate

46 2551 148 2624 pendet.
168 2553 310 2612 Proinde
331 2568 368 2610 ex
383 2551 450 2612 solo
463 2550 534 2630 jure
548 2549 683 2619 naturali
699 2547 805 2628 colligi
817 2549 928 2628 nequit
950 2549 998 2608 di-

46 2647 252 2710 vinallcclesiae
271 2647 469 2709 constitutio.

72 2744 170 2826 hcpuia
193 2751 240 2807 2¹.
266 2777 305 2790 -
321 2743 425 2805 Posito
443 2751 552 2804 natura
572 2742 753 2816 hierarchice,
773 2742 867 2821 posito
885 2741 945 2823 fine
969 2741 998 2801 irc

46 2858 106 2917 quem
117 2843 254 2903 urdr'uata
269 2850 323 2916 cst,
342 2851 419 2902 recte
431 2860 585 2922 possumus
597 2839 690 2901 media
704 2837 808 2920 quihus
819 2837 909 2921 finem
931 2858 999 2898 cou-

19 2933 20 2938 ’
46 2939 157 3017 sequitur,
179 2961 217 3002 ecc
237 2939 353 3000 ratione
369 2938 511 3020 colliqerc.

71 3037 222 3114 Ejusmodi
240 3038 351 3117 regula
364 3037 584 3118 deduciturex
598 3035 750 3096 relatione
762 3033 943 3094 mediorum
957 3031 996 3092 ad

19 3135 21 3160 ³
48 3131 117 3194 inem
140 3155 146 3196 :
163 3136 318 3206 Christus,
339 3136 416 3196 dum
431 3136 527 3196 finem
541 3133 650 3208 voluit,
668 3131 804 3192 eontulit
821 3129 926 3189 media
941 3129 996 3190 fini

49 3229 193 3296 obtinendo
209 3235 339 3310 idonea,
360 3253 387 3294 v.
403 3253 463 3312 gn,
480 3249 554 3294 oum
571 3237 695 3314 certum
716 3228 766 3303 sit,
783 3227 958 3287 Primatum
978 3246 996 3288 a

49 3325 142 3393 Christo
160 3331 345 3393 institutum
360 3347 426 3392 esse
441 3325 570 3391 unitatis
585 3325 746 3388 servandae
762 3339 865 3398 causa,
881 3323 996 3384 merito

49 3421 161 3505 infertur,
176 3445 310 3490 omnem
322 3445 391 3490 eam
401 3433 593 3508 potestatem
608 3426 741 3487 Summo
756 3421 902 3484 Pontifici
917 3421 997 3482 divi-

68 3581 94 3647 (1)
106 3585 191 3650 Soglie,
206 3587 384 3636 institutiones
390 3587 463 3650 juris
474 3584 571 3649 publici
582 3585 753 3644 ecclesiastici,
764 3597 821 3645 pars
835 3582 855 3646 1,
866 3595 920 3644 cap.
931 3595 958 3630 rr.
