<?xml version="1.0" encoding="UTF-8"?>
<!DOCTYPE html PUBLIC "-//W3C//DTD XHTML 1.0 Transitional//EN"
    "http://www.w3.org/TR/xhtml1/DTD/xhtml1-transitional.dtd">
<html xmlns="http://www.w3.org/1999/xhtml" xml:lang="en" lang="en">
 <head>
  <title>
</title>
<meta http-equiv="Content-Type" content="text/html;charset=utf-8" />
  <meta name='ocr-system' content='tesseract 3.04.00' />
  <meta name='ocr-capabilities' content='ocr_page ocr_carea ocr_par ocr_line ocrx_word'/>
</head>
<body>
  <div class='ocr_page' id='page_1' title='image "./expositiomethod00hugugoog_0305.png"; bbox 0 0 2620 4258; ppageno 0'>
   <div class='ocr_carea' id='block_1_1' title="bbox 243 231 1049 286">
    <p class='ocr_par' dir='ltr' id='par_1_1' title="bbox 243 231 1049 286">
     <span class='ocr_line' id='line_1_1' title="bbox 243 231 1049 286; baseline -0.014 0"><span class='ocrx_word' id='word_1_1' title='bbox 243 241 296 286; x_wconf 68' lang='grc' dir='ltr'>ΠΟ</span> <span class='ocrx_word' id='word_1_2' title='bbox 412 231 567 282; x_wconf 74' lang='grc' dir='ltr'><strong>ΕΧΡῦδΙΤΙΟ</strong></span> <span class='ocrx_word' id='word_1_3' title='bbox 589 231 767 278; x_wconf 70' lang='lat' dir='ltr'>auunculus</span> <span class='ocrx_word' id='word_1_4' title='bbox 788 231 871 276; x_wconf 85' lang='lat' dir='ltr'>JUIiIS</span> <span class='ocrx_word' id='word_1_5' title='bbox 894 231 1049 278; x_wconf 71' lang='lat' dir='ltr'>canoblci.</span> 
     </span>
    </p>
   </div>
   <div class='ocr_carea' id='block_1_2' title="bbox 240 348 1225 526">
    <p class='ocr_par' dir='ltr' id='par_1_2' title="bbox 240 348 1225 526">
     <span class='ocr_line' id='line_1_2' title="bbox 240 348 1225 430; baseline -0.009 -11"><span class='ocrx_word' id='word_1_6' title='bbox 240 359 330 418; x_wconf 83' lang='lat' dir='ltr'>llanc</span> <span class='ocrx_word' id='word_1_7' title='bbox 343 357 479 417; x_wconf 77' lang='lat' dir='ltr'>formam</span> <span class='ocrx_word' id='word_1_8' title='bbox 508 349 671 413; x_wconf 81' lang='lat' dir='ltr'>electionis</span> <span class='ocrx_word' id='word_1_9' title='bbox 695 365 901 410; x_wconf 92' lang='lat' dir='ltr'>communem</span> <span class='ocrx_word' id='word_1_10' title='bbox 912 349 1099 430; x_wconf 89' lang='lat' dir='ltr'>aliquandiu</span> <span class='ocrx_word' id='word_1_11' title='bbox 1126 348 1225 410; x_wconf 88' lang='lat' dir='ltr'>luisse</span> 
     </span>
     <span class='ocr_line' id='line_1_3' title="bbox 242 446 1225 526; baseline -0.007 -12"><span class='ocrx_word' id='word_1_12' title='bbox 242 457 424 516; x_wconf 84' lang='lat' dir='ltr'>constater</span> <span class='ocrx_word' id='word_1_13' title='bbox 448 455 516 513; x_wconf 90' lang='lat' dir='ltr'>toto</span> <span class='ocrx_word' id='word_1_14' title='bbox 542 447 757 510; x_wconf 85' lang='lat' dir='ltr'>Decretalium</span> <span class='ocrx_word' id='word_1_15' title='bbox 780 446 886 522; x_wconf 86' lang='lat' dir='ltr'>titulo,</span> <span class='ocrx_word' id='word_1_16' title='bbox 909 447 965 526; x_wconf 88' lang='lat' dir='ltr'>qui</span> <span class='ocrx_word' id='word_1_17' title='bbox 990 450 1041 509; x_wconf 86' lang='lat' dir='ltr'>est</span> <span class='ocrx_word' id='word_1_18' title='bbox 1063 447 1102 507; x_wconf 90' lang='lat' dir='ltr'>de</span> <span class='ocrx_word' id='word_1_19' title='bbox 1129 446 1225 508; x_wconf 81' lang='lat' dir='ltr'>Elec·</span> 
     </span>
    </p>
   </div>
   <div class='ocr_carea' id='block_1_3' title="bbox 241 551 337 612">
    <p class='ocr_par' dir='ltr' id='par_1_3' title="bbox 241 551 337 612">
     <span class='ocr_line' id='line_1_4' title="bbox 241 551 337 612; baseline -0.021 0"><span class='ocrx_word' id='word_1_20' title='bbox 241 551 337 612; x_wconf 89' lang='lat' dir='ltr'>tione.</span> 
     </span>
    </p>
   </div>
   <div class='ocr_carea' id='block_1_4' title="bbox 594 674 868 726">
    <p class='ocr_par' dir='ltr' id='par_1_4' title="bbox 594 674 868 726">
     <span class='ocr_line' id='line_1_5' title="bbox 594 674 868 726; baseline 0.007 -2"><span class='ocrx_word' id='word_1_21' title='bbox 594 678 618 725; x_wconf 83' lang='grc'>3.</span> <span class='ocrx_word' id='word_1_22' title='bbox 635 677 681 724; x_wconf 84' lang='lat' dir='ltr'>Jus</span> <span class='ocrx_word' id='word_1_23' title='bbox 695 674 868 726; x_wconf 80' lang='lat' dir='ltr'>novissimum.</span> 
     </span>
    </p>
   </div>
   <div class='ocr_carea' id='block_1_5' title="bbox 239 831 1228 3637">
    <p class='ocr_par' dir='ltr' id='par_1_5' title="bbox 239 831 1226 1304">
     <span class='ocr_line' id='line_1_6' title="bbox 282 831 1226 912; baseline -0.005 -15"><span class='ocrx_word' id='word_1_24' title='bbox 282 838 328 897; x_wconf 78' lang='lat' dir='ltr'>Ex</span> <span class='ocrx_word' id='word_1_25' title='bbox 343 833 607 912; x_wconf 88' lang='lat' dir='ltr'>disciplinanunc</span> <span class='ocrx_word' id='word_1_26' title='bbox 621 831 758 910; x_wconf 80' lang='lat' dir='ltr'>vigente,</span> <span class='ocrx_word' id='word_1_27' title='bbox 774 831 894 909; x_wconf 89' lang='lat' dir='ltr'>triplici</span> <span class='ocrx_word' id='word_1_28' title='bbox 912 832 1007 894; x_wconf 90' lang='lat' dir='ltr'>modo</span> <span class='ocrx_word' id='word_1_29' title='bbox 1017 833 1062 896; x_wconf 84' lang='lat' dir='ltr'>lit</span> <span class='ocrx_word' id='word_1_30' title='bbox 1077 831 1226 911; x_wconf 85' lang='lat' dir='ltr'>designa-</span> 
     </span>
     <span class='ocr_line' id='line_1_7' title="bbox 239 929 1225 1012; baseline -0.007 -16"><span class='ocrx_word' id='word_1_31' title='bbox 239 933 288 996; x_wconf 84' lang='lat' dir='ltr'>tio</span> <span class='ocrx_word' id='word_1_32' title='bbox 306 944 450 1012; x_wconf 83' lang='lat' dir='ltr'>personae</span> <span class='ocrx_word' id='word_1_33' title='bbox 466 930 504 990; x_wconf 90' lang='lat' dir='ltr'>ad</span> <span class='ocrx_word' id='word_1_34' title='bbox 520 929 748 1006; x_wconf 85' lang='lat' dir='ltr'>Episcopatum</span> <span class='ocrx_word' id='word_1_35' title='bbox 772 929 1017 1006; x_wconf 74' lang='lat' dir='ltr'>promovenda:</span> <span class='ocrx_word' id='word_1_36' title='bbox 1045 929 1225 1008; x_wconf 79' lang='lat' dir='ltr'>Episcopos</span> 
     </span>
     <span class='ocr_line' id='line_1_8' title="bbox 240 1022 1222 1109; baseline -0.004 -17"><span class='ocrx_word' id='word_1_37' title='bbox 240 1047 358 1109; x_wconf 80' lang='lat' dir='ltr'>nempe</span> <span class='ocrx_word' id='word_1_38' title='bbox 371 1030 419 1089; x_wconf 92' lang='lat' dir='ltr'>vel</span> <span class='ocrx_word' id='word_1_39' title='bbox 433 1029 581 1105; x_wconf 86' lang='lat' dir='ltr'>Summus</span> <span class='ocrx_word' id='word_1_40' title='bbox 591 1026 736 1087; x_wconf 79' lang='lat' dir='ltr'>Pontifex</span> <span class='ocrx_word' id='word_1_41' title='bbox 745 1025 847 1088; x_wconf 91' lang='lat' dir='ltr'>libera</span> <span class='ocrx_word' id='word_1_42' title='bbox 859 1022 1029 1088; x_wconf 84' lang='lat' dir='ltr'>collatione</span> <span class='ocrx_word' id='word_1_43' title='bbox 1041 1027 1222 1100; x_wconf 87' lang='lat' dir='ltr'>constituit,</span> 
     </span>
     <span class='ocr_line' id='line_1_9' title="bbox 240 1123 1226 1204; baseline -0.004 -16"><span class='ocrx_word' id='word_1_44' title='bbox 240 1129 292 1188; x_wconf 87' lang='lat' dir='ltr'>vel</span> <span class='ocrx_word' id='word_1_45' title='bbox 306 1125 444 1204; x_wconf 85' lang='lat' dir='ltr'>capitula</span> <span class='ocrx_word' id='word_1_46' title='bbox 467 1123 588 1203; x_wconf 83' lang='lat' dir='ltr'>eligunt</span> <span class='ocrx_word' id='word_1_47' title='bbox 603 1123 763 1185; x_wconf 85' lang='lat' dir='ltr'>electione</span> <span class='ocrx_word' id='word_1_48' title='bbox 775 1123 904 1202; x_wconf 87' lang='lat' dir='ltr'>proprie</span> <span class='ocrx_word' id='word_1_49' title='bbox 927 1123 1021 1198; x_wconf 88' lang='lat' dir='ltr'>dicta,</span> <span class='ocrx_word' id='word_1_50' title='bbox 1039 1124 1087 1184; x_wconf 90' lang='lat' dir='ltr'>vel</span> <span class='ocrx_word' id='word_1_51' title='bbox 1102 1124 1226 1203; x_wconf 87' lang='lat' dir='ltr'>princi·</span> 
     </span>
     <span class='ocr_line' id='line_1_10' title="bbox 243 1216 1065 1304; baseline -0.001 -19"><span class='ocrx_word' id='word_1_52' title='bbox 243 1241 298 1304; x_wconf 89' lang='lat' dir='ltr'>pes</span> <span class='ocrx_word' id='word_1_53' title='bbox 312 1223 489 1284; x_wconf 87' lang='lat' dir='ltr'>nominant.</span> <span class='ocrx_word' id='word_1_54' title='bbox 1062 1216 1065 1230; x_wconf 62' lang='lat'><strong><em>⁴</em></strong></span> 
     </span>
    </p>

    <p class='ocr_par' dir='ltr' id='par_1_6' title="bbox 240 1315 1226 2074">
     <span class='ocr_line' id='line_1_11' title="bbox 282 1315 1225 1398; baseline -0.001 -16"><span class='ocrx_word' id='word_1_55' title='bbox 282 1323 306 1382; x_wconf 94' lang='lat' dir='ltr'>l.</span> <span class='ocrx_word' id='word_1_56' title='bbox 319 1320 426 1380; x_wconf 84' lang='lat' dir='ltr'>Libera</span> <span class='ocrx_word' id='word_1_57' title='bbox 439 1319 554 1382; x_wconf 81' lang='lat' dir='ltr'>collatio</span> <span class='ocrx_word' id='word_1_58' title='bbox 567 1317 711 1398; x_wconf 82' lang='lat' dir='ltr'>Pontifici</span> <span class='ocrx_word' id='word_1_59' title='bbox 718 1315 850 1378; x_wconf 82' lang='lat' dir='ltr'>Romano</span> <span class='ocrx_word' id='word_1_60' title='bbox 862 1326 992 1378; x_wconf 81' lang='lat' dir='ltr'>reservat</span> <span class='ocrx_word' id='word_1_61' title='bbox 1014 1351 1070 1379; x_wconf 90' lang='lat'>.-</span> <span class='ocrx_word' id='word_1_62' title='bbox 1080 1319 1225 1381; x_wconf 71' lang='lat' dir='ltr'>illectio-</span> 
     </span>
     <span class='ocr_line' id='line_1_12' title="bbox 241 1414 1225 1500; baseline -0.003 -20"><span class='ocrx_word' id='word_1_63' title='bbox 241 1437 300 1481; x_wconf 90' lang='lat' dir='ltr'>nes</span> <span class='ocrx_word' id='word_1_64' title='bbox 318 1418 470 1500; x_wconf 88' lang='lat' dir='ltr'>paulatim</span> <span class='ocrx_word' id='word_1_65' title='bbox 488 1417 619 1478; x_wconf 86' lang='lat' dir='ltr'>sublatae</span> <span class='ocrx_word' id='word_1_66' title='bbox 638 1421 721 1491; x_wconf 87' lang='lat' dir='ltr'>sunt,</span> <span class='ocrx_word' id='word_1_67' title='bbox 735 1414 983 1494; x_wconf 85' lang='lat' dir='ltr'>Episcopatuum</span> <span class='ocrx_word' id='word_1_68' title='bbox 999 1416 1225 1478; x_wconf 81' lang='lat' dir='ltr'>collationibus</span> 
     </span>
     <span class='ocr_line' id='line_1_13' title="bbox 243 1512 1225 1599; baseline -0.006 -19"><span class='ocrx_word' id='word_1_69' title='bbox 243 1520 281 1580; x_wconf 85' lang='lat' dir='ltr'>ad</span> <span class='ocrx_word' id='word_1_70' title='bbox 312 1520 344 1581; x_wconf 88' lang='lat' dir='ltr'>S.</span> <span class='ocrx_word' id='word_1_71' title='bbox 377 1518 494 1580; x_wconf 90' lang='lat' dir='ltr'>Sedem</span> <span class='ocrx_word' id='word_1_72' title='bbox 519 1515 685 1599; x_wconf 82' lang='lat' dir='ltr'>revocatis,</span> <span class='ocrx_word' id='word_1_73' title='bbox 720 1512 926 1575; x_wconf 76' lang='lat' dir='ltr'>suadentibus</span> <span class='ocrx_word' id='word_1_74' title='bbox 956 1513 1005 1575; x_wconf 89' lang='lat' dir='ltr'>vel</span> <span class='ocrx_word' id='word_1_75' title='bbox 1033 1515 1225 1594; x_wconf 83' lang='lat' dir='ltr'>cogentibus</span> 
     </span>
     <span class='ocr_line' id='line_1_14' title="bbox 244 1611 1226 1692; baseline -0.003 -15"><span class='ocrx_word' id='word_1_76' title='bbox 244 1615 337 1678; x_wconf 89' lang='lat' dir='ltr'>variis</span> <span class='ocrx_word' id='word_1_77' title='bbox 353 1614 538 1687; x_wconf 89' lang='lat' dir='ltr'>rationibus,</span> <span class='ocrx_word' id='word_1_78' title='bbox 555 1632 584 1675; x_wconf 86' lang='lat' dir='ltr'>v.</span> <span class='ocrx_word' id='word_1_79' title='bbox 601 1631 631 1692; x_wconf 82' lang='lat' dir='ltr'>g.</span> <span class='ocrx_word' id='word_1_80' title='bbox 649 1611 748 1672; x_wconf 87' lang='lat' dir='ltr'>abusu</span> <span class='ocrx_word' id='word_1_81' title='bbox 761 1611 927 1689; x_wconf 89' lang='lat' dir='ltr'>potestatis</span> <span class='ocrx_word' id='word_1_82' title='bbox 942 1611 1144 1690; x_wconf 90' lang='lat' dir='ltr'>optimatum,</span> <span class='ocrx_word' id='word_1_83' title='bbox 1163 1614 1226 1674; x_wconf 92' lang='lat' dir='ltr'>dis-</span> 
     </span>
     <span class='ocr_line' id='line_1_15' title="bbox 240 1707 1224 1792; baseline -0.003 -17"><span class='ocrx_word' id='word_1_84' title='bbox 240 1713 441 1776; x_wconf 84' lang='lat' dir='ltr'>sentionibus</span> <span class='ocrx_word' id='word_1_85' title='bbox 463 1713 687 1792; x_wconf 86' lang='lat' dir='ltr'>capitulorum.</span> <span class='ocrx_word' id='word_1_86' title='bbox 705 1711 784 1770; x_wconf 83' lang='lat' dir='ltr'>Cum</span> <span class='ocrx_word' id='word_1_87' title='bbox 800 1707 977 1770; x_wconf 91' lang='lat' dir='ltr'>remedium</span> <span class='ocrx_word' id='word_1_88' title='bbox 1003 1709 1224 1772; x_wconf 88' lang='lat' dir='ltr'>adhibendum</span> 
     </span>
     <span class='ocr_line' id='line_1_16' title="bbox 241 1808 1224 1886; baseline -0.002 -12"><span class='ocrx_word' id='word_1_89' title='bbox 241 1816 338 1886; x_wconf 90' lang='lat' dir='ltr'>esset,</span> <span class='ocrx_word' id='word_1_90' title='bbox 356 1813 388 1874; x_wconf 90' lang='lat' dir='ltr'>S.</span> <span class='ocrx_word' id='word_1_91' title='bbox 408 1811 576 1872; x_wconf 84' lang='lat' dir='ltr'>Pontifices</span> <span class='ocrx_word' id='word_1_92' title='bbox 595 1808 657 1869; x_wconf 92' lang='lat' dir='ltr'>sibi</span> <span class='ocrx_word' id='word_1_93' title='bbox 672 1812 870 1868; x_wconf 80' lang='lat' dir='ltr'>reservarunt</span> <span class='ocrx_word' id='word_1_94' title='bbox 884 1808 1113 1886; x_wconf 79' lang='lat' dir='ltr'>Episcoporum</span> <span class='ocrx_word' id='word_1_95' title='bbox 1135 1811 1224 1872; x_wconf 88' lang='lat' dir='ltr'>elec·</span> 
     </span>
     <span class='ocr_line' id='line_1_17' title="bbox 246 1901 1222 1977; baseline -0.002 -11"><span class='ocrx_word' id='word_1_96' title='bbox 246 1905 350 1966; x_wconf 88' lang='lat' dir='ltr'>tiones</span> <span class='ocrx_word' id='word_1_97' title='bbox 390 1911 426 1966; x_wconf 94' lang='lat' dir='ltr'>ut</span> <span class='ocrx_word' id='word_1_98' title='bbox 461 1903 613 1965; x_wconf 81' lang='lat' dir='ltr'>Ecclesiae</span> <span class='ocrx_word' id='word_1_99' title='bbox 647 1901 861 1975; x_wconf 85' lang='lat' dir='ltr'>consulerent,</span> <span class='ocrx_word' id='word_1_100' title='bbox 903 1901 1033 1962; x_wconf 90' lang='lat' dir='ltr'>dissidia</span> <span class='ocrx_word' id='word_1_101' title='bbox 1059 1901 1222 1977; x_wconf 87' lang='lat' dir='ltr'>tollerent,</span> 
     </span>
     <span class='ocr_line' id='line_1_18' title="bbox 244 1999 1204 2074; baseline 0 -14"><span class='ocrx_word' id='word_1_102' title='bbox 244 2003 384 2062; x_wconf 79' lang='lat' dir='ltr'>favorem</span> <span class='ocrx_word' id='word_1_103' title='bbox 404 2006 559 2074; x_wconf 80' lang='lat' dir='ltr'>arcerent,</span> <span class='ocrx_word' id='word_1_104' title='bbox 585 2004 618 2062; x_wconf 89' lang='lat' dir='ltr'>ct</span> <span class='ocrx_word' id='word_1_105' title='bbox 640 1999 811 2060; x_wconf 88' lang='lat' dir='ltr'>haberetur</span> <span class='ocrx_word' id='word_1_106' title='bbox 827 1999 894 2060; x_wconf 90' lang='lat' dir='ltr'>sola</span> <span class='ocrx_word' id='word_1_107' title='bbox 905 1999 986 2060; x_wconf 89' lang='lat' dir='ltr'>ratio</span> <span class='ocrx_word' id='word_1_108' title='bbox 1002 1999 1204 2062; x_wconf 86' lang='lat' dir='ltr'>meritorum.</span> 
     </span>
    </p>

    <p class='ocr_par' dir='ltr' id='par_1_7' title="bbox 241 2096 1228 3440">
     <span class='ocr_line' id='line_1_19' title="bbox 284 2096 1223 2177; baseline 0.002 -19"><span class='ocrx_word' id='word_1_109' title='bbox 284 2100 393 2177; x_wconf 89' lang='lat' dir='ltr'>Neque</span> <span class='ocrx_word' id='word_1_110' title='bbox 409 2097 578 2158; x_wconf 85' lang='lat' dir='ltr'>Pontifices</span> <span class='ocrx_word' id='word_1_111' title='bbox 598 2096 719 2174; x_wconf 90' lang='lat' dir='ltr'>aliquid</span> <span class='ocrx_word' id='word_1_112' title='bbox 745 2097 784 2156; x_wconf 94' lang='lat' dir='ltr'>de</span> <span class='ocrx_word' id='word_1_113' title='bbox 810 2097 877 2175; x_wconf 86' lang='lat' dir='ltr'>jure</span> <span class='ocrx_word' id='word_1_114' title='bbox 901 2097 1005 2158; x_wconf 89' lang='lat' dir='ltr'>alieno</span> <span class='ocrx_word' id='word_1_115' title='bbox 1018 2103 1223 2176; x_wconf 87' lang='lat' dir='ltr'>usurparunt,</span> 
     </span>
     <span class='ocr_line' id='line_1_20' title="bbox 241 2193 1224 2274; baseline 0.002 -18"><span class='ocrx_word' id='word_1_116' title='bbox 241 2196 300 2256; x_wconf 89' lang='lat' dir='ltr'>-sed</span> <span class='ocrx_word' id='word_1_117' title='bbox 313 2195 418 2274; x_wconf 89' lang='lat' dir='ltr'>potius</span> <span class='ocrx_word' id='word_1_118' title='bbox 432 2193 588 2274; x_wconf 89' lang='lat' dir='ltr'>repetiere</span> <span class='ocrx_word' id='word_1_119' title='bbox 597 2193 650 2272; x_wconf 89' lang='lat' dir='ltr'>jus</span> <span class='ocrx_word' id='word_1_120' title='bbox 660 2209 764 2268; x_wconf 88' lang='lat' dir='ltr'>suum,</span> <span class='ocrx_word' id='word_1_121' title='bbox 782 2195 868 2271; x_wconf 90' lang='lat' dir='ltr'>quod</span> <span class='ocrx_word' id='word_1_122' title='bbox 879 2194 1029 2256; x_wconf 73' lang='lat' dir='ltr'>Ecclesiae</span> <span class='ocrx_word' id='word_1_123' title='bbox 1040 2196 1224 2258; x_wconf 91' lang='lat' dir='ltr'>sollicitudo</span> 
     </span>
     <span class='ocr_line' id='line_1_21' title="bbox 243 2289 1223 2372; baseline 0 -20"><span class='ocrx_word' id='word_1_124' title='bbox 243 2296 387 2370; x_wconf 91' lang='lat' dir='ltr'>repetere</span> <span class='ocrx_word' id='word_1_125' title='bbox 402 2290 544 2368; x_wconf 80' lang='lat' dir='ltr'>cogebat.</span> <span class='ocrx_word' id='word_1_126' title='bbox 563 2293 642 2350; x_wconf 91' lang='lat' dir='ltr'>Nam</span> <span class='ocrx_word' id='word_1_127' title='bbox 657 2289 748 2350; x_wconf 88' lang='lat' dir='ltr'>initio</span> <span class='ocrx_word' id='word_1_128' title='bbox 755 2290 806 2369; x_wconf 90' lang='lat' dir='ltr'>jus</span> <span class='ocrx_word' id='word_1_129' title='bbox 820 2291 1035 2353; x_wconf 88' lang='lat' dir='ltr'>constituendi</span> <span class='ocrx_word' id='word_1_130' title='bbox 1047 2293 1223 2372; x_wconf 79' lang='lat' dir='ltr'>Episcopus</span> 
     </span>
     <span class='ocr_line' id='line_1_22' title="bbox 242 2387 1224 2470; baseline 0.001 -21"><span class='ocrx_word' id='word_1_131' title='bbox 242 2389 411 2470; x_wconf 88' lang='lat' dir='ltr'>proprium</span> <span class='ocrx_word' id='word_1_132' title='bbox 428 2392 495 2450; x_wconf 91' lang='lat' dir='ltr'>erat</span> <span class='ocrx_word' id='word_1_133' title='bbox 520 2390 556 2449; x_wconf 87' lang='lat' dir='ltr'>ll.</span> <span class='ocrx_word' id='word_1_134' title='bbox 583 2387 787 2462; x_wconf 84' lang='lat' dir='ltr'>Pontificum,</span> <span class='ocrx_word' id='word_1_135' title='bbox 815 2387 869 2467; x_wconf 86' lang='lat' dir='ltr'>qui</span> <span class='ocrx_word' id='word_1_136' title='bbox 897 2389 1014 2451; x_wconf 88' lang='lat' dir='ltr'>deinde</span> <span class='ocrx_word' id='word_1_137' title='bbox 1032 2395 1224 2468; x_wconf 85' lang='lat' dir='ltr'>potestatem</span> 
     </span>
     <span class='ocr_line' id='line_1_23' title="bbox 246 2485 1226 2566; baseline -0.002 -17"><span class='ocrx_word' id='word_1_138' title='bbox 246 2486 385 2566; x_wconf 80' lang='lat' dir='ltr'>eligendi</span> <span class='ocrx_word' id='word_1_139' title='bbox 409 2490 636 2548; x_wconf 90' lang='lat' dir='ltr'>concesserunt</span> <span class='ocrx_word' id='word_1_140' title='bbox 661 2485 870 2546; x_wconf 84' lang='lat' dir='ltr'>exercendam</span> <span class='ocrx_word' id='word_1_141' title='bbox 894 2488 1021 2566; x_wconf 88' lang='lat' dir='ltr'>synodis</span> <span class='ocrx_word' id='word_1_142' title='bbox 1044 2487 1226 2566; x_wconf 84' lang='lat' dir='ltr'>provincia·</span> 
     </span>
     <span class='ocr_line' id='line_1_24' title="bbox 244 2581 1226 2663; baseline 0.001 -19"><span class='ocrx_word' id='word_1_143' title='bbox 244 2584 340 2659; x_wconf 90' lang='lat' dir='ltr'>libus,</span> <span class='ocrx_word' id='word_1_144' title='bbox 362 2588 394 2645; x_wconf 89' lang='lat' dir='ltr'>et</span> <span class='ocrx_word' id='word_1_145' title='bbox 411 2588 520 2663; x_wconf 90' lang='lat' dir='ltr'>postea</span> <span class='ocrx_word' id='word_1_146' title='bbox 538 2581 698 2661; x_wconf 87' lang='lat' dir='ltr'>capitulis.</span> <span class='ocrx_word' id='word_1_147' title='bbox 716 2583 792 2643; x_wconf 82' lang='lat' dir='ltr'>Cum</span> <span class='ocrx_word' id='word_1_148' title='bbox 808 2584 962 2646; x_wconf 88' lang='lat' dir='ltr'>electores</span> <span class='ocrx_word' id='word_1_149' title='bbox 986 2583 1045 2646; x_wconf 89' lang='lat' dir='ltr'>sibi</span> <span class='ocrx_word' id='word_1_150' title='bbox 1069 2601 1226 2646; x_wconf 89' lang='lat' dir='ltr'>concessa</span> 
     </span>
     <span class='ocr_line' id='line_1_25' title="bbox 245 2679 1223 2761; baseline 0 -19"><span class='ocrx_word' id='word_1_151' title='bbox 245 2681 393 2744; x_wconf 84' lang='lat' dir='ltr'>facultate</span> <span class='ocrx_word' id='word_1_152' title='bbox 408 2680 614 2742; x_wconf 89' lang='lat' dir='ltr'>abuterentur</span> <span class='ocrx_word' id='word_1_153' title='bbox 627 2685 659 2740; x_wconf 89' lang='lat' dir='ltr'>et</span> <span class='ocrx_word' id='word_1_154' title='bbox 670 2679 754 2758; x_wconf 82' lang='lat' dir='ltr'>leges</span> <span class='ocrx_word' id='word_1_155' title='bbox 781 2681 991 2744; x_wconf 88' lang='lat' dir='ltr'>observandas</span> <span class='ocrx_word' id='word_1_156' title='bbox 1008 2682 1223 2761; x_wconf 89' lang='lat' dir='ltr'>despicerent,</span> 
     </span>
     <span class='ocr_line' id='line_1_26' title="bbox 242 2776 1225 2859; baseline 0.001 -20"><span class='ocrx_word' id='word_1_157' title='bbox 242 2795 319 2840; x_wconf 91' lang='lat' dir='ltr'>cum</span> <span class='ocrx_word' id='word_1_158' title='bbox 338 2779 371 2838; x_wconf 92' lang='lat' dir='ltr'>in</span> <span class='ocrx_word' id='word_1_159' title='bbox 398 2777 608 2839; x_wconf 90' lang='lat' dir='ltr'>electionibus</span> <span class='ocrx_word' id='word_1_160' title='bbox 632 2776 784 2853; x_wconf 81' lang='lat' dir='ltr'>ambitio,</span> <span class='ocrx_word' id='word_1_161' title='bbox 803 2778 948 2856; x_wconf 90' lang='lat' dir='ltr'>simonia,</span> <span class='ocrx_word' id='word_1_162' title='bbox 969 2781 1073 2842; x_wconf 88' lang='lat' dir='ltr'>studia</span> <span class='ocrx_word' id='word_1_163' title='bbox 1085 2781 1225 2859; x_wconf 86' lang='lat' dir='ltr'>partium</span> 
     </span>
     <span class='ocr_line' id='line_1_27' title="bbox 246 2873 1226 2958; baseline 0.004 -24"><span class='ocrx_word' id='word_1_164' title='bbox 246 2873 495 2948; x_wconf 86' lang='lat' dir='ltr'>dominarentur,</span> <span class='ocrx_word' id='word_1_165' title='bbox 510 2892 708 2954; x_wconf 88' lang='lat' dir='ltr'>consequens</span> <span class='ocrx_word' id='word_1_166' title='bbox 731 2880 798 2937; x_wconf 89' lang='lat' dir='ltr'>erat</span> <span class='ocrx_word' id='word_1_167' title='bbox 811 2881 848 2938; x_wconf 87' lang='lat' dir='ltr'>ut</span> <span class='ocrx_word' id='word_1_168' title='bbox 860 2877 978 2940; x_wconf 89' lang='lat' dir='ltr'>creatio</span> <span class='ocrx_word' id='word_1_169' title='bbox 990 2878 1226 2958; x_wconf 76' lang='lat' dir='ltr'>Episcoporum</span> 
     </span>
     <span class='ocr_line' id='line_1_28' title="bbox 245 2970 1225 3054; baseline -0.001 -21"><span class='ocrx_word' id='word_1_170' title='bbox 245 2973 286 3034; x_wconf 86' lang='lat' dir='ltr'>ad</span> <span class='ocrx_word' id='word_1_171' title='bbox 301 2987 375 3033; x_wconf 88' lang='lat' dir='ltr'>eum</span> <span class='ocrx_word' id='word_1_172' title='bbox 389 2970 460 3049; x_wconf 89' lang='lat' dir='ltr'>jure</span> <span class='ocrx_word' id='word_1_173' title='bbox 487 2971 698 3032; x_wconf 89' lang='lat' dir='ltr'>devolutionis</span> <span class='ocrx_word' id='word_1_174' title='bbox 722 2973 842 3034; x_wconf 83' lang='lat' dir='ltr'>rediret</span> <span class='ocrx_word' id='word_1_175' title='bbox 866 2974 985 3052; x_wconf 90' lang='lat' dir='ltr'>inquo</span> <span class='ocrx_word' id='word_1_176' title='bbox 1006 2976 1059 3054; x_wconf 78' lang='lat' dir='ltr'>Jus</span> <span class='ocrx_word' id='word_1_177' title='bbox 1086 2974 1225 3052; x_wconf 80' lang='lat' dir='ltr'>eligendi</span> 
     </span>
     <span class='ocr_line' id='line_1_29' title="bbox 245 3067 1225 3148; baseline 0.002 -20"><span class='ocrx_word' id='word_1_178' title='bbox 245 3085 372 3148; x_wconf 89' lang='lat' dir='ltr'>semper</span> <span class='ocrx_word' id='word_1_179' title='bbox 388 3067 534 3143; x_wconf 73' lang='lat' dir='ltr'>haeserat,</span> <span class='ocrx_word' id='word_1_180' title='bbox 556 3073 588 3130; x_wconf 91' lang='lat' dir='ltr'>et</span> <span class='ocrx_word' id='word_1_181' title='bbox 605 3085 701 3148; x_wconf 89' lang='lat' dir='ltr'>aquo</span> <span class='ocrx_word' id='word_1_182' title='bbox 723 3075 863 3148; x_wconf 86' lang='lat' dir='ltr'>potestas</span> <span class='ocrx_word' id='word_1_183' title='bbox 882 3071 986 3132; x_wconf 92' lang='lat' dir='ltr'>omnis</span> <span class='ocrx_word' id='word_1_184' title='bbox 1004 3072 1038 3132; x_wconf 92' lang='lat' dir='ltr'>in</span> <span class='ocrx_word' id='word_1_185' title='bbox 1057 3071 1225 3134; x_wconf 84' lang='lat' dir='ltr'>inferiores</span> 
     </span>
     <span class='ocr_line' id='line_1_30' title="bbox 246 3165 1226 3245; baseline 0.002 -19"><span class='ocrx_word' id='word_1_186' title='bbox 246 3166 387 3228; x_wconf 89' lang='lat' dir='ltr'>derivata</span> <span class='ocrx_word' id='word_1_187' title='bbox 409 3165 520 3226; x_wconf 87' lang='lat' dir='ltr'>iuerat.</span> <span class='ocrx_word' id='word_1_188' title='bbox 539 3165 600 3227; x_wconf 90' lang='lat' dir='ltr'>Ubi</span> <span class='ocrx_word' id='word_1_189' title='bbox 612 3165 664 3244; x_wconf 89' lang='lat' dir='ltr'>jus</span> <span class='ocrx_word' id='word_1_190' title='bbox 681 3165 720 3226; x_wconf 90' lang='lat' dir='ltr'>ad</span> <span class='ocrx_word' id='word_1_191' title='bbox 737 3167 932 3245; x_wconf 90' lang='lat' dir='ltr'>superiorem</span> <span class='ocrx_word' id='word_1_192' title='bbox 954 3169 1143 3243; x_wconf 86' lang='lat' dir='ltr'>devolvitur,</span> <span class='ocrx_word' id='word_1_193' title='bbox 1172 3169 1226 3229; x_wconf 92' lang='lat' dir='ltr'>ille</span> 
     </span>
     <span class='ocr_line' id='line_1_31' title="bbox 246 3262 1228 3342; baseline 0.005 -21"><span class='ocrx_word' id='word_1_194' title='bbox 246 3279 311 3322; x_wconf 91' lang='lat' dir='ltr'>non</span> <span class='ocrx_word' id='word_1_195' title='bbox 326 3268 457 3342; x_wconf 91' lang='lat' dir='ltr'>usurpat</span> <span class='ocrx_word' id='word_1_196' title='bbox 474 3263 507 3323; x_wconf 93' lang='lat' dir='ltr'>in</span> <span class='ocrx_word' id='word_1_197' title='bbox 527 3262 724 3339; x_wconf 80' lang='lat' dir='ltr'>interiorem,</span> <span class='ocrx_word' id='word_1_198' title='bbox 742 3265 798 3326; x_wconf 90' lang='lat' dir='ltr'>sed</span> <span class='ocrx_word' id='word_1_199' title='bbox 813 3266 899 3328; x_wconf 91' lang='lat' dir='ltr'>solus</span> <span class='ocrx_word' id='word_1_200' title='bbox 909 3271 1036 3329; x_wconf 85' lang='lat' dir='ltr'>exercet</span> <span class='ocrx_word' id='word_1_201' title='bbox 1052 3266 1228 3328; x_wconf 89' lang='lat' dir='ltr'>auctorita·</span> 
     </span>
     <span class='ocr_line' id='line_1_32' title="bbox 247 3359 707 3440; baseline 0.011 -23"><span class='ocrx_word' id='word_1_202' title='bbox 247 3362 324 3435; x_wconf 90' lang='lat' dir='ltr'>tem,</span> <span class='ocrx_word' id='word_1_203' title='bbox 339 3377 433 3438; x_wconf 88' lang='lat' dir='ltr'>quam</span> <span class='ocrx_word' id='word_1_204' title='bbox 447 3377 573 3440; x_wconf 90' lang='lat' dir='ltr'>semper</span> <span class='ocrx_word' id='word_1_205' title='bbox 584 3359 707 3423; x_wconf 89' lang='lat' dir='ltr'>babuit.</span> 
     </span>
    </p>

    <p class='ocr_par' dir='ltr' id='par_1_8' title="bbox 246 3457 1228 3637">
     <span class='ocr_line' id='line_1_33' title="bbox 272 3457 1228 3539; baseline 0.005 -24"><span class='ocrx_word' id='word_1_206' title='bbox 272 3457 324 3516; x_wconf 85' lang='lat' dir='ltr'>ll.</span> <span class='ocrx_word' id='word_1_207' title='bbox 340 3457 394 3518; x_wconf 78' lang='lat' dir='ltr'>lus</span> <span class='ocrx_word' id='word_1_208' title='bbox 406 3457 531 3536; x_wconf 79' lang='lat' dir='ltr'>elipendi</span> <span class='ocrx_word' id='word_1_209' title='bbox 552 3457 724 3538; x_wconf 83' lang='lat' dir='ltr'>quibusdum</span> <span class='ocrx_word' id='word_1_210' title='bbox 749 3459 885 3539; x_wconf 81' lang='lat' dir='ltr'>capitulis</span> <span class='ocrx_word' id='word_1_211' title='bbox 908 3461 1086 3522; x_wconf 82' lang='lat' dir='ltr'>restitutum.</span> <span class='ocrx_word' id='word_1_212' title='bbox 1105 3495 1147 3507; x_wconf 90' lang='lat'>-</span> <span class='ocrx_word' id='word_1_213' title='bbox 1159 3460 1228 3522; x_wconf 91' lang='lat' dir='ltr'>Pri-</span> 
     </span>
     <span class='ocr_line' id='line_1_34' title="bbox 246 3555 1227 3637; baseline 0.004 -23"><span class='ocrx_word' id='word_1_214' title='bbox 246 3569 334 3614; x_wconf 92' lang='lat' dir='ltr'>mum</span> <span class='ocrx_word' id='word_1_215' title='bbox 362 3555 506 3616; x_wconf 79' lang='lat' dir='ltr'>Clemens</span> <span class='ocrx_word' id='word_1_216' title='bbox 529 3555 555 3615; x_wconf 93' lang='lat' dir='ltr'>V</span> <span class='ocrx_word' id='word_1_217' title='bbox 573 3557 647 3618; x_wconf 88' lang='lat' dir='ltr'>Sodi</span> <span class='ocrx_word' id='word_1_218' title='bbox 661 3557 852 3637; x_wconf 86' lang='lat' dir='ltr'>Apostolicae</span> <span class='ocrx_word' id='word_1_219' title='bbox 876 3560 1044 3622; x_wconf 87' lang='lat' dir='ltr'>reservavit</span> <span class='ocrx_word' id='word_1_220' title='bbox 1065 3560 1227 3624; x_wconf 81' lang='lat' dir='ltr'>Ecclesias</span> 
     </span>
    </p>
   </div>
   <div class='ocr_carea' id='block_1_6' title="bbox 0 0 1317 4258">
    <p class='ocr_par' dir='ltr' id='par_1_9' title="bbox 0 0 1317 4258">
     <span class='ocr_line' id='line_1_35' title="bbox 0 0 1317 4258; baseline 0 0"><span class='ocrx_word' id='word_1_221' title='bbox 0 0 1317 4258; x_wconf 95' lang='lat' dir='ltr'> </span> 
     </span>
    </p>
   </div>
  </div>
 </body>
</html>
