2620 4258
186 143 237 190 382
329 135 509 200 ,Expostulo
530 133 709 182 nnrflonlcu
729 137 812 184 tutus
835 140 991 188 cunctum.
1062 203 1063 210 ἵ

183 259 380 340 presbyterio
397 258 519 318 ducunt
537 255 705 332 originem.
725 257 907 336 Capitulum
927 275 1056 338 semper
1072 257 1175 320 habi-

184 363 253 420 tum
268 358 326 418 luit
341 362 489 434 tanquam
502 353 651 432 Episcopi
666 360 803 418 senatus.

225 453 444 516 crescentibus
458 451 658 526 dioecesibus,
676 470 756 514 cura·
768 455 990 533 parochiarum
1005 455 1171 517 stabiliter

185 553 377 632 preshyteris
404 552 573 613 commissa
599 550 668 612 suit.
696 553 759 614 Iste
788 555 903 630 clerus,
925 549 1022 617 ⁴entra
1049 553 1172 614 urbem

187 651 401 730 episcopalem
424 654 650 723 commoratus,
682 649 721 710 ab
748 651 907 730 Episcopo
927 652 960 712 in
982 652 1172 712 universum

187 755 390 823 conventum,
412 748 534 810 scilicet
555 748 588 806 in
610 749 772 826 synodum
794 751 961 810 convocari
986 749 1170 825 consucvit,

189 846 329 930 primum
344 846 392 908 bis
405 845 438 906 in
450 862 543 919 anno,
555 850 667 922 postea
681 847 779 907 semel
792 848 972 926 quotannis.

392 1061 503 1120 Qonsuo
521 1062 557 1110 1¹.
571 1085 601 1096 -
613 1059 650 1108 Da
662 1071 845 1110 ccuvomnour.
857 1061 958 1110 Sinoni.

399 1231 422 1279 1.
439 1231 484 1278 Jus
499 1235 523 1277 et
540 1229 646 1278 officium
661 1229 810 1279 convocandi
825 1229 961 1292 Synodum.

232 1391 256 1450 Ι.
283 1387 402 1468 Synodi
414 1385 673 1448 convocationem
688 1386 878 1466 praecipiunt
893 1385 1014 1464 antiqui
1033 1403 1176 1448 canones

192 1491 224 1549 et
239 1487 422 1548 decretales.
441 1485 617 1546 Concilium
629 1485 848 1548 Tridentinum
871 1484 981 1545 statuit
997 1483 1060 1565 (t):
1083 1507 1097 1540 o
1112 1487 1175 1564 Sy-

121 1617 123 1620 >
191 1585 268 1646 nodi
284 1585 470 1645 dioecesanae
484 1583 652 1661 quotannis
667 1583 877 1659 celebrentur,
893 1584 933 1642 ad
950 1599 1065 1662 quas...
1082 1601 1175 1645 acce·

193 1683 267 1744 dere
282 1688 458 1744 teneantur.
475 1703 490 1738 n

231 1783 269 1842 ll.
297 1781 460 1860 synodum
488 1795 662 1840 convocare
678 1781 802 1856 potest:
821 1781 851 1838 l⁰
871 1777 1058 1856 Episcopus,
1074 1777 1175 1838 etiam

192 1881 407 1952 confirmatus,
425 1878 567 1938 nondum
592 1883 814 1951 consecratus;
839 1893 912 1936 nam
937 1876 998 1937 iste
1017 1875 1175 1955 jurisdic-

190 1976 287 2036 tionis
301 1981 389 2036 actus
404 1975 444 2033 ad
458 1975 600 2050 regimen
618 1974 763 2034 dioecesis
778 1974 923 2052 pertinet.

230 2075 262 2133 2.
289 2071 432 2134 Vicarius
445 2071 602 2151 generalis
625 2088 664 2132 ex
692 2072 824 2150 speciali
844 2072 993 2134 mandato
1018 2070 1172 2152 Episcopi

191 2170 349 2250 impediti.

231 2271 260 2330 3.
287 2267 429 2332 Vicarius
458 2267 652 2348 capitularis,
682 2268 859 2331 dummodo
884 2267 1041 2330 effluxerit
1070 2285 1173 2329 annus

114 2453 119 2463 .
190 2367 229 2433 ah
250 2367 510 2447 ultimasynodo

503 2571 531 2623 2.
547 2569 655 2631 Quinam
671 2569 723 2619 sint
736 2570 854 2622 vocandi.

230 2731 254 2793 l.
279 2729 440 2792 Accedere
462 2733 643 2791 tenentur:
673 2731 704 2788 1ο
733 2727 883 2790 Canonici
910 2731 941 2790 et
974 2726 1171 2810 dignitates3

191 2831 224 2890 2⁰
241 2828 384 2890 vicarius
397 2827 553 2906 generalis
569 2832 600 2888 et
614 2826 749 2900 Decani;
766 2830 797 2888 3ο
810 2826 955 2902 Parochi‚
974 2825 1071 2888 etiam
1085 2843 1177 2904 regu-

193 2927 275 2988 lare's
292 2925 347 3003 qui
363 2942 472 2986 curam
485 2924 665 2984 animarum
681 2929 804 3004 gerunt.

233 3025 271 3084 ll.
288 3025 408 3084 Praeter
421 3023 503 3095 illos,
518 3026 548 3083 1⁰
560 3011 746 3102 regulariter
754 3023 859 3085 caeteri
872 3024 1053 3084 sacerdotes
1063 3025 1174 3085 adesse

149 3107 150 3110 ¹
193 3140 258 3184 non
271 3127 431 3196 tenentur,
448 3121 509 3181 nisi
522 3122 800 3183 exconsuctudine
810 3123 841 3181 id
852 3123 946 3183 luerit
960 3121 1176 3199 observatum,

194 3221 244 3280 vel
259 3221 416 3300 agendum
430 3219 470 3280 sit
484 3221 523 3280 de
539 3220 765 3281 reformatione
781 3219 870 3281 cleri.

236 3323 265 3378 2.
291 3319 376 3381 Laici
387 3337 451 3381 non
465 3325 679 3381 convocantur
693 3336 731 3380 ex
741 3319 831 3398 jure3
848 3320 904 3380 sed
918 3320 1089 3381 convocari
1103 3337 1178 3398 pos-

230 3503 263 3564 (t)
274 3501 336 3551 Sese.
348 3501 434 3564 xxw,
446 3514 504 3563 cap.
519 3516 549 3564 u,
564 3502 596 3551 de
613 3501 728 3565 Referre.
