2626 4258
195 237 246 286 111
363 238 520 286 exrcslrlo
541 236 718 285 nuntiemus
738 234 822 284 tultis
845 235 1002 283 cenorum.

233 361 262 420 1.
281 355 406 418 Ratione
429 357 623 437 negotiorum,
644 356 715 418 aliae
738 357 889 419 dicuntur
905 352 1076 431 ordinarie,
1098 353 1170 417 aliae

192 473 266 520 vero
280 453 536 520 extraordinarie.

232 553 405 615 Ordinariae
424 552 579 616 stabiliter
593 559 707 618 erectae
718 558 808 630 sunt,
824 558 856 616 et
876 552 937 615 illis
953 551 1081 632 negotia
1095 567 1171 630 per-

193 657 287 732 petue
302 651 556 716 committuntur.

232 750 496 812 Extreordinariae
530 750 715 814 indicuntur
747 769 806 830 pro
836 749 931 813 rebus
962 747 1167 830 specialibus,

192 845 308 924 quibus
320 846 472 910 absolutis
491 848 715 911 dissolvuntur.

231 950 261 1009 t.
277 947 403 1008 Ratione
410 945 643 1028 jurisdictionis,
657 948 728 1010 alite
738 949 947 1011 instituuntur
955 965 1015 1027 pro
1026 945 1168 1021 dioecesi,

192 1044 262 1106 alite
282 1045 455 1126 respiciunt
468 1046 644 1108 Ecclesiam
659 1047 848 1110 universam.
910 1037 911 1041 ’

232 1145 399 1224 Agendum
414 1150 461 1206 est
477 1143 517 1205 de
539 1144 839 1225 congregationibus
862 1145 1031 1207 ordinariis
1043 1163 1116 1225 quae
1129 1143 1172 1204 ad

193 1241 333 1321 regimen
347 1241 497 1304 Ecclesiae
510 1242 693 1306 universalis
708 1248 861 1322 spectant.
877 1244 1066 1307 Disseritur:

229 1392 255 1445 1.
271 1389 311 1445 lte
325 1387 600 1460 congregationibus
614 1387 750 1446 llomanis
765 1389 796 1446 in
812 1405 934 1462 genere.

227 1480 254 1535 2.
270 1477 310 1534 lte
323 1477 599 1550 congregationibus
613 1478 748 1534 llomunis
761 1478 794 1534 in
811 1479 919 1551 speeie.

269 1700 399 1767 ¹thsrro
412 1708 445 1758 1¹.
461 1729 491 1742 -
503 1705 541 1755 De
551 1705 796 1755 concreotrrourtcs
805 1705 919 1756 Rounus
929 1717 955 1754 ur
970 1717 1075 1755 cruens.

232 1873 311 1940 Cum
331 1877 503 1940 auotoritas
534 1876 733 1940 decisionum
755 1877 795 1940 ab
822 1877 899 1957 ipsis
923 1877 1080 1940 editarum
1101 1872 1172 1953 jam

193 1975 369 2054 ponderata
382 1974 479 2037 suerit
488 1974 539 2055 (1),
558 1977 620 2036 duo
634 1980 804 2054 supersunt
818 1975 1025 2056 expendenda
1039 1992 1047 2035 :

231 2122 258 2174 l.
277 2117 537 2190 congregationum
550 2119 749 2176 llomtnurum
761 2119 919 2180 institutio.

229 2211 259 2265 2.
279 2209 385 2264 Earum
399 2207 574 2265 constitutio.

368 2415 387 2468 1.
401 2441 432 2455 -
446 2415 573 2466 Institutio
587 2415 811 2480 congregationum
820 2417 996 2468 Romanarum.

233 2588 363 2650 Illarum
378 2585 535 2650 institutio
548 2585 718 2650 innotescit
739 2591 770 2649 l⁰
785 2581 823 2649 en
836 2585 957 2666 origine
967 2587 1024 2661 32⁰
1036 2599 1074 2644 ex
1091 2598 1174 2644 con-

192 2685 362 2749 venientia.

568 2847 591 2896 1.
605 2845 698 2896 cerum
711 2843 788 2906 origo.

214 3000 218 3009 ¹
233 3012 360 3076 Diversa
380 3009 441 3073 luit
459 3011 561 3072 forma
582 3011 708 3074 consilii
724 3014 761 3074 R.
779 3009 982 3075 Pontificum.
998 3004 1176 3088 Distingui·

193 3119 244 3174 tur
258 3112 373 3192 triplex
387 3117 474 3186 etas,
494 3129 611 3193 nempe
625 3112 838 3176 conciliorum
852 3126 1071 3184 romanorum,
1095 3125 1175 3171 con-

193 3207 309 3272 sistorii
319 3217 350 3272 et
362 3211 674 3298 congregationum..
914 3283 917 3292 ‚

232 3309 257 3369 l.
274 3310 333 3368 Per
348 3309 459 3370 decem
487 3309 613 3385 saecula,
637 3312 867 3371 consueverunt
888 3307 1057 3404 yontiiioes
1079 3303 1174 3382 fidei,

194 3421 321 3466 morum
334 3412 366 3467 et
378 3407 555 3486 discipline
571 3407 763 3488 questiones
774 3407 918 3488 judicare
931 3405 965 3469 iu
982 3405 1111 3469 conectis
1123 3423 1178 3465 ro-

225 3607 332 3673 (1)an
345 3605 364 3669 1,
378 3604 423 3658 lib.
438 3606 459 3668 1,
472 3606 511 3657 tir.
524 3621 564 3660 ur.
