2588 4272
479 219 553 266 PARS
573 218 752 268 cananeus.
1066 223 1098 270 ’Π

129 335 242 414 while,
273 339 306 400 id
334 343 398 416 est,
426 345 548 402 natura
576 343 607 401 et
641 339 766 418 spiritui
800 323 951 404 Ecclesia
985 359 1101 404 conve·

130 437 235 508 niens.
747 509 750 514 ,
1142 450 1144 456 ’

165 535 426 598 Inrationabilitas
448 537 687 599 consuetudinis
708 554 746 598 ex
772 537 892 615 duplici
910 537 1037 600 criterio
1054 537 1103 597 di'-
1161 549 1163 556 ’

129 635 302 713 gnoscitur,
318 651 434 715 nempe
448 637 498 698 vel
519 653 556 698 ex
565 635 637 716 jure
653 635 771 712 divino,
791 637 841 698 vel
863 653 901 698 ex
909 637 980 716 jure
998 635 1103 698 eccle-

129 733 267 796 siastico.
364 743 368 751 '
594 803 597 810 Ι

116 853 119 857 ·
167 832 197 892 l.
214 831 348 892 Ratione
362 831 441 910 legis
456 830 583 908 diuinae,
602 829 830 893 irrationabilis
843 835 890 892 est
904 830 1100 892 consuetudo

71 933 74 940 '
129 929 447 1009 quaeveljuridivino
465 931 657 1006 adversatur,
680 929 729 991 vel
748 934 953 1008 peccalorum
977 928 1100 990 occasio

129 1031 185 1101 est,
198 1027 247 1088 vel
258 1027 403 1107 religioni
418 1031 523 1090 nocet.
1076 1069 1082 1112 ι

160 1127 190 1184 2.
210 1124 343 1198 Ratione
357 1125 534 1202 disciplinae
555 1126 789 1202 ecclesiasticae,
809 1122 1033 1185 irrationabilis
1055 1125 1103 1184 est

122 1222 403 1300 consuetudoque
418 1223 466 1283 vel
487 1221 608 1300 legibus
628 1209 780 1284 Ecclesiae
803 1221 992 1300 reprobatur
1014 1222 1101 1284 velut

122 1319 250 1394 abusus,
270 1319 319 1380 vel
335 1319 477 1381 dissolvit
499 1303 630 1382 nervum
652 1319 830 1399 disciplinae
845 1339 853 1394 ;
868 1337 897 1380 v.
914 1338 943 1398 g.
968 1334 1101 1380 consue·

119 1419 197 1480 tudo
210 1417 349 1478 libertati
359 1419 508 1479 Ecclesiae
521 1419 694 1492 contraria;
705 1417 861 1479 Placitum
874 1416 996 1495 regium
1006 1415 1014 1490 ξ
1025 1432 1101 1477 con-

122 1517 257 1577 suetudo
270 1533 335 1576 non
348 1517 534 1596 acceptandi
547 1518 674 1578 decreta
687 1517 812 1603 Sanctae
829 1512 931 1576 Sedis.

161 1613 216 1674 111.
238 1614 284 1674 Ex
300 1617 389 1691 parte
403 1613 587 1694 lepr'slotorts,
603 1613 685 1675 sicut
697 1615 748 1674 lex
761 1612 924 1673 voluntate
936 1612 1102 1691 potestatis

124 1711 280 1786 statuitur,
296 1713 339 1774 ita
357 1710 555 1774 consuetodo
569 1712 633 1774 vim
642 1711 862 1792 legis-nonnisi
877 1709 917 1772 ab
931 1710 1102 1774 auctorite-

124 1809 161 1868 tis
173 1826 331 1870 oonsensu
345 1810 471 1888 accipit.

161 1909 311 1988 Jamvero
333 1907 452 1988 duplici
475 1907 571 1968 mo'do
592 1907 754 1986 legislator
771 1906 902 1968 assentit
929 1902 1101 1969 consuetu-

126 2005 203 2080 dini,
219 2022 335 2084 nempe
348 2007 396 2066 vel
401 2004 605 2086 personaliter,
620 2007 667 2067 vel
678 2005 823 2086 lopoliter.

164 2103 194 2162 l.
231 2099 393 2164 Consentit
420 2102 630 2180 personaliter
656 2101 711 2163 ubi
740 2093 1005 2164 cousuetudinem
1034 2098 1102 2178 ipse

125 2201 300 2280 cognoscit,
313 2202 623 2284 eamqueapprohat.
644 2203 705 2264 Iste
722 2219 893 2264 consensus
914 2206 962 2264 est
981 2217 1100 2280 cepres·

126 2317 176 2358 sos
188 2301 236 2360 vel
252 2301 368 2362 tacitus.

166 2397 341 2459 Consensus
362 2397 539 2478 personalis
561 2401 608 2459 est
630 2415 792 2480 expressus,
815 2395 943 2476 quando
963 2399 1102 2474 potestas

127 2511 275 2574 suprema
290 2497 442 2577 expressis
463 2495 565 2558 verbis
589 2495 732 2557 declarat
752 2493 1014 2556 consuetudinem
1038 2509 1102 2554 ser·

123 2593 189 2654 vari
205 2612 308 2672 posse.
353 2623 355 2627 ·
850 2629 852 2638 κ

78 2733 82 2748 .
166 2691 344 2752 Consensus
366 2696 414 2754 est
437 2691 554 2768 tacitns,
582 2689 607 2752 si
633 2689 781 2752 Pontifex
805 2705 870 2750 non
891 2685 1099 2763 contradicat,

125 2807 199 2852 oum
218 2790 312 2852 facile
330 2791 501 2853 reclamare
516 2795 635 2871 posset.
655 2786 925 2854 Consuetudinem
942 2800 1023 2859 vero¹
1036 2802 1102 2846 non

128 2889 232 2950 firmat
258 2887 420 2950 silentium
442 2906 480 2951 ex
504 2887 674 2968 prudentia
694 2887 897 2965 imperatum,
921 2898 1039 2960 nempe
1061 2882 1102 2944 oh

128 2986 278 3062 timorem
291 2986 419 3066 majoris
436 2987 521 3062 mali,
540 3006 569 3049 v.
584 3005 617 3066 g.
633 2983 825 3048 schismatis.

65 3141 68 3146 .
168 3087 200 3146 ἓ.
216 3084 362 3146 Pontifex
384 3083 542 3146 consentit
556 3083 700 3162 legaliter
716 3082 843 3162 quando
866 3077 1104 3141 consuetudinis

127 3181 253 3244 nescius
263 3186 322 3244 est.
343 3183 518 3244 consensus
532 3181 640 3260 legalis
661 3183 827 3259 praestatur
851 3175 1103 3255 per'generalem

124 3279 278 3341 Ecclesiae
291 3281 406 3359 legem,
432 3298 493 3359 qua
507 3265 756 3341 consuetudines
774 3273 964 3338 rationabiles
985 3282 1014 3336 et
1032 3272 1104 3354 lepi-

128 3376 195 3438 time
213 3377 397 3458 proescrsptoe
410 3377 626 3458 approbantur
638 3373 688 3455 ll).

156 3583 189 3649 (l)
206 3563 290 3646 Caput
306 3584 338 3648 ll,
351 3585 387 3634 De
400 3585 598 3638 consuetudine:
616 3584 707 3634 «Licet
718 3581 837 3642 longaevse
855 3576 1041 3630 consuetudinis
1052 3589 1101 3626 non
