2604 4270
240 229 272 278 48
412 228 569 275 EXPOSITIO
590 227 769 274 undecuma
790 227 874 273 sulus
896 227 1054 274 cenorum.

239 365 396 428 supreme
417 347 593 427 potestatis,
621 364 677 408 seu
702 363 767 407 non
793 351 1001 425 repraesentat
1024 344 1217 418 Ecclesiam,

238 448 299 509 nisi
314 447 546 524 complectatur
565 445 754 506 Pontificem
779 445 863 504 velut
881 444 1080 524 principem;
1103 461 1219 520 corpus

240 545 325 608 enim
337 545 402 606 sine
416 544 519 622 capite
533 561 596 603 non
608 541 798 620 concipitur.
813 541 912 620 Igitur
924 541 984 602 sihi
998 541 1221 602 contradicunt

241 643 403 718 Gallicani,
416 643 470 722 qui
486 642 658 704 concilium
670 640 818 701 Pontifici
831 645 980 718 praestare
992 640 1180 719 opinantur.

279 746 311 804 5ο
326 742 439 803 Proese
461 739 523 820 fert
542 737 688 800 commodo
707 737 901 814 denocrutioe,
931 737 994 800 sive
1017 737 1091 816 quie
1111 734 1222 798 omnia

239 845 433 922 peraguntur
443 839 476 899 in
486 837 628 898 Ecclesia
638 837 916 915 propterDeumet
927 836 1050 910 fideles;
1069 835 1134 895 sive
1147 834 1222 912 quia

240 936 388 1000 catholici
403 941 476 996 sunt
485 935 627 1014 ejusdem
636 933 828 995 conditionis
839 939 986 1012 respectu
996 932 1083 1007 fidei,
1095 947 1222 992 morum

240 1033 540 1115 etdisoiplinae3sivc
548 1032 620 1111 quia
628 1029 1223 1105 clerocaelibatumobservante‚omnes

240 1134 328 1212 digni
340 1133 381 1194 ad
400 1147 531 1193 munera
548 1130 727 1209 promoveri
739 1135 881 1208 possunt.
893 1161 933 1175 -
947 1129 1028 1190 Huic
1038 1127 1220 1203 assertioni,

241 1232 345 1312 quoad
356 1247 424 1291 rem
439 1246 535 1292 nemo
551 1227 767 1306 refragabitur.
785 1227 848 1289 Sed
864 1228 968 1305 quoad
983 1227 1138 1306 loquendi
1154 1243 1223 1286 mo·

242 1331 332 1405 dum,
347 1329 452 1390 minus
471 1333 556 1388 recte
571 1325 648 1386 dicit
660 1324 869 1384 Bellarminus
885 1323 1116 1386 democratiam
1129 1339 1224 1384 suum

161 1492 168 1501 ,
243 1429 415 1508 quemdam
429 1427 462 1488 in
473 1425 615 1488 Ecclesia
629 1425 736 1485 locum
750 1421 877 1484 hahere.
895 1424 973 1483 Nam
987 1422 1170 1484 officiorum
1185 1439 1225 1482 ae·

243 1525 494 1606 quadistributio
504 1541 562 1602 pro
572 1522 691 1583 meritis
701 1521 1222 1600 distinguituraregiminisforma,

244 1644 315 1708 quae
325 1627 427 1687 solum
438 1641 476 1686 ex
490 1623 633 1701 subjecto
652 1638 783 1682 summae
799 1620 965 1699 potestatis
980 1619 1223 1682 determinatur.

284 1728 316 1785 6⁰
332 1723 471 1804 Reqlmen
485 1721 625 1783 Eccterc'oe
639 1727 683 1780 est
698 1718 872 1800 perfectum.
889 1752 929 1764 —
940 1720 996 1780 Illa
1017 1736 1084 1798 prae
1097 1717 1223 1780 certeris

245 1822 366 1901 optim'a
379 1825 427 1881 est
440 1817 602 1897 regiminis
623 1818 735 1891 forma,
757 1817 790 1876 in
805 1833 866 1895 qua
888 1821 983 1895 caput
1004 1821 1037 1878 et
1052 1820 1157 1894 partes
1174 1833 1226 1878 so-

246 1919 368 1980 cietatis
381 1934 436 1978 sua
447 1917 518 1994 jura
534 1923 565 1976 ct
583 1915 768 1974 discrimina
781 1913 825 1976 ita
848 1919 982 1988 servant,
1010 1920 1044 1976 ut
1065 1915 1169 1976 unitas
1185 1916 1226 1977 sit

245 2017 278 2077 in
293 2016 452 2089 varietate,
469 2014 594 2092 vitaque
607 2013 717 2073 floreat
731 2011 764 2071 in
785 2011 1004 2075 multitudine.
1029 2012 1126 2091 Atqui
1149 2012 1224 2075 talis

247 2119 294 2175 est
303 2112 454 2186 Ecclesia,
469 2112 502 2172 in
518 2129 580 2190 qua
595 2109 721 2171 excellit
744 2110 847 2170 unitas
862 2109 1043 2188 regiminis,
1054 2110 1087 2170 in
1100 2111 1227 2172 unitate

247 2212 385 2274 maxime
395 2211 537 2286 varietas,
550 2209 583 2270 in
593 2208 736 2270 universa
746 2208 951 2271 multitudine
958 2209 1043 2272 actio
1055 2215 1086 2271 et
1095 2210 1159 2272 vite
1170 2208 1223 2289 (l).

617 2417 803 2486 Titulus
826 2415 853 2485 ΙΙ

288 2585 327 2632 DE
349 2581 581 2630 conufflorueus
602 2580 642 2624 An
661 2578 808 2624 ndrunnu
825 2578 910 2625 LEGIS
932 2579 1185 2627 PERTINENTIEUS.

283 2736 371 2792 Gurur
384 2735 406 2790 l.
420 2733 543 2790 Theorie
555 2731 656 2803 legum
669 2728 946 2788 ecclesiasticarum.

286 2825 374 2882 Carus
389 2823 423 2881 ll.
438 2822 529 2880 Variae
542 2837 688 2879 canonum
700 2819 889 2877 conditiones.

658 2997 787 3059 CAPUT
807 2999 821 3058 Ι

412 3147 560 3208 {theoria
575 3147 686 3210 legum
700 3146 998 3198 ecclesiasticarum
1012 3147 1060 3212 (2).

289 3289 316 3348 l.
335 3285 454 3346 Tleorio
477 3284 558 3365 leqis.
573 3315 614 3330 —·
635 3283 714 3344 Gum
741 3283 823 3342 Deus
846 3281 888 3342 sit
919 3282 989 3344 fons
1012 3283 1171 3363 equitatis
1199 3289 1234 3346 et

285 3438 319 3500 (l)
332 3433 441 3490 Audisio,
454 3433 524 3482 luris
534 3435 631 3482 noturae
640 3431 817 3496 formamenta,
830 3432 875 3482 lib.
889 3431 933 3482 111.
996 3415 998 3420 Ι

282 3517 315 3578 (2)
330 3511 459 3574 Tarquini,
474 3512 643 3560 institutiones
646 3511 717 3576 juris
732 3512 895 3564 ecclesiastici
903 3511 1011 3576 publici,
1024 3513 1071 3565 lib.
1089 3513 1112 3577 1,
1130 3527 1189 3576 cap.
1208 3527 1229 3564 ι.

253 3599 285 3637 ὲ-
297 3597 324 3649 fl.
337 3596 455 3656 Thomu,
467 3595 492 3645 1·
501 3595 541 3656 2⁸,
554 3604 580 3654 q.
596 3595 636 3644 90·
