2630 4250
472 238 546 284 PARS
567 237 732 284 SPEGIALIS·
1035 231 1092 282 197

107 360 241 420 Summo
256 355 411 418 Pontifioe
426 355 473 416 vel
488 353 661 416 aconciliis
675 355 882 432 generalibus.
898 355 1086 418 Jurisdiotio

104 455 306 534 particularis
329 455 411 514 intra
439 457 526 514 certa
549 469 758 530 personarum
787 469 900 532 genera
915 451 965 513 vei
992 452 1076 513 intra

106 557 213 615 certos
231 553 377 612 locorum
395 551 473 610 flnes
489 555 658 612 coercetur
672 549 727 628 (i).

150 653 188 712 V.
204 649 336 710 Ratione
350 648 479 729 objecti,
493 646 609 708 deiectio
619 667 811 729 personarum
831 649 935 711 differt
948 648 986 710 ab
996 647 1088 708 admi·
1145 638 1150 648 ’

105 747 280 809 castratione
291 766 391 808 rerum
404 746 457 825 (2).

147 847 200 907 vl.
217 845 351 906 Ratione
381 843 515 922 subjecti
535 843 569 903 in
584 861 648 923 quo
662 844 791 920 residet,
814 844 998 924 jurisdictio
1016 843 1088 904 tiodi-

105 942 233 1004 vidualis
250 943 382 1022 singulis
396 941 521 1003 clericis
536 941 691 1019 competit
706 962 714 1016 ;
729 942 910 1022 jurisdictio
930 941 1089 1021 collepiolis

103 1042 140 1102 in
153 1040 317 1102 communi
328 1043 495 1101 exercetur
508 1037 559 1118 (3).

143 1173 347 1228 Disseosfflol.
378 1171 628 1242 Dejurisdictione
639 1171 822 1228 individuali.

142 1262 319 1315 Dssssesssio
332 1260 365 1314 11.
380 1263 419 1316 De
431 1260 634 1330 iurisdictione
647 1259 801 1331 collegioli.

439 1457 716 1534 DISSERTATIO
740 1469 754 1534 Ι

338 1641 376 1683 DE
398 1640 626 1684 JURISDICTIONE
647 1640 852 1686 INDIVIDUALI.

142 1793 212 1851 Duo
236 1793 310 1849 sunt
331 1789 563 1868 jurisdictionis
594 1791 709 1868 gradus
734 1806 752 1849 a
775 1789 900 1852 Christo
919 1787 1073 1864 instituti,

102 1904 221 1965 nempe
236 1887 394 1948 Primatus
409 1887 526 1948 summi
543 1887 706 1974 pontificis
720 1892 752 1948 et
762 1887 981 1966 Episcopatus.

144 1984 300 2046 Gradibus
315 1984 394 2062 juris
410 1984 508 2046 divini
528 1985 687 2046 accedunt
700 1985 829 2064 plurimi
851 1985 965 2063 gradus
991 1983 1086 2046 insti-

100 2082 236 2146 tutionis
247 2082 482 2144 ecclesiastice.
508 2083 631 2160 Duplex
651 2099 763 2144 eorum
792 2099 891 2161 genus
912 2081 1083 2160 distingui·

101 2186 174 2242 tur:
187 2180 241 2241 alii
256 2180 438 2240 deriventur
452 2196 470 2240 a
482 2179 614 2241 Summo
622 2180 789 2253 Poniissoe‚
802 2180 957 2259 illumque
970 2195 1088 2258 reprae-

100 2282 247 2353 sentent;
265 2277 318 2337 alii
339 2277 499 2355 Episcopo
513 2276 735 2355 subjiciuntur,
760 2281 791 2338 et
809 2277 901 2338 illum
916 2277 1078 2356 adjuvant.

138 2413 230 2468 Gseus
244 2414 268 2467 i.
293 2411 332 2466 De
345 2411 463 2466 Summo
477 2408 616 2464 Pontiiioe
630 2413 659 2464 et
670 2408 749 2464 illius
763 2408 956 2479 adjutoribus.

136 2501 229 2556 Ceios
244 2500 278 2555 ll.
294 2500 334 2554 De
347 2499 485 2570 Episcopo
497 2502 526 2554 et
537 2498 616 2554 illius
632 2497 824 2569 adjutoribus.

518 2705 648 2767 CAPUT
665 2705 679 2764 Ι

207 2855 256 2904 no
271 2853 404 2903 Summo
421 2852 582 2902 Pontifleo
596 2855 631 2901 ot
644 2853 741 2901 illius
755 2851 980 2908 adjutos-lon.

135 3011 208 3062 Ass.
222 3007 244 3061 1.
269 3007 308 3060 De
323 3007 442 3062 Summo
454 3003 604 3060 Pontifice.

136 3097 208 3151 Ass.
222 3095 256 3151 li.
267 3095 305 3149 De
317 3093 397 3149 illius
408 3093 453 3163 adj
459 3092 603 3149 uioribus.

130 3256 173 3318 (l)
189 3255 302 3315 Boterdi,
320 3254 507 3306 commentaria
520 3253 546 3301 in
556 3251 603 3316 jus
613 3250 815 3312 ecclesiasticum,
832 3259 892 3302 tom.
913 3251 935 3315 1,
946 3253 1042 3303 dissert.
1060 3253 1082 3315 1,

100 3347 299 3476 ca{zilghiliips
310 3413 345 3461 niu
356 3411 431 3462 Droii
441 3391 631 3474 ecclesiasiipue.
648 3415 708 3459 tom.
722 3407 742 3468 1,
757 3409 799 3458 liv.
815 3411 833 3459 1.

131 3493 171 3553 (3)
182 3492 294 3555 Berardi,
312 3490 504 3540 Commentario
520 3487 599 3551 injus
613 3487 816 3544 ecolesfflsticom,
834 3495 893 3539 tom.
907 3488 927 3551 l,
946 3491 1043 3541 dissert.
1060 3491 1079 3546 Ι,

97 3585 161 3636 cap.
177 3584 210 3622 iv.
