2630 4250
11 3551 12 3636 t

11 3712 24 3781 i

461 185 536 229 PARS
559 184 724 234 sauciatis.
1030 189 1081 234 199

102 300 276 381 sitpropter
287 301 428 362 unitatem
440 301 593 376 Ecclesia,
605 301 646 364 it.
658 301 801 382 Porrtt'fec
813 303 890 366 nitu
894 313 994 386 potest
1009 305 1088 385 qaod

102 397 294 459 edacitatem
305 418 363 459 oon
375 399 413 460 sit
427 397 628 460 accessorium.
643 401 831 479 Verumqui
848 401 893 464 sic
918 418 1084 481 argumen-

106 493 265 556 tantur-in
288 512 327 557 eo
346 501 492 574 peccant,
514 498 603 574 ¹quod
619 495 774 574 primatus
796 498 880 576 jura‘
892 497 1050 560 limitibus
1068 515 1086 557 a

105 593 232 655 Christo
248 594 383 679 minime
402 595 515 673 positis
538 594 746 673 restringunt.
764 597 873 658 Potius
895 591 1096 658 concluden-¹

105 691 309 753 domasset:
336 709 411 754 cum
440 692 588 754 Pontifex
614 689 763 770 imperat,
791 693 1008 755 obediendum
1039 698 1086 754 est

106 793 241 866 propter
251 790 418 851 unitatem.
496 777 511 830 Γ

148 888 188 947 ll.
205 885 416 964 Aliisverbis‘
441 888 498 948 titt
516 887 589 949 doto
612 888 705 949 claues
717 889 802 969 repeti
814 888 951 950 caelorum
961 907 975 964 ,·
1000 887 1088 968 quod·

110 1002 224 1064 cunque
247 985 384 1065 licaveris
409 1006 497 1068 super
523 995 643 1061 terrum,
656 985 715 1046 erit
733 985 857 1067 liqctum
885 993 914 1047 et
943 987 974 1046 io
999 984 1087 1060 ecelis,

109 1079 253 1143 Christus
260 1083 405 1145 Pontifici
416 1085 540 1146 confert
549 1101 619 1146 eam
626 1083 884 1162 jurisdictionem
895 1101 967 1163 quae
982 1101 1089 1145 acon-

109 1177 193 1238 ciliis
211 1185 340 1241 vocatur
356 1181 522 1259 plenitudo
536 1182 713 1259 potestatis.
734 1182 833 1260 Igitur
845 1181 919 1262 jura
931 1181 1089 1260 primatus
1197 1214 1201 1224 ·

111 1277 276 1352 profluunt
291 1283 358 1338 tum
383 1296 421 1340 ex
436 1280 497 1340 fine
513 1279 673 1340 servandae
690 1279 832 1351 unitatis,
857 1284 927 1340 tum
944 1296 982 1340 ex
996 1280 1091 1357 plena

112 1377 144 1433 et
156 1389 307 1452 suprema
318 1375 505 1438 auctoritate
519 1393 581 1455 qua
597 1377 742 1438 Pontifex
753 1378 793 1437 ad
806 1377 1002 1456 explendum
1016 1392 1087 1436 mu-

109 1487 169 1530 nus
185 1471 322 1531 suumin
340 1472 485 1534 universa
494 1475 636 1536 Ecclesia
645 1475 778 1552 potitur.

151 1569 204 1628 111.
223 1554 402 1645 Histerbis
413 1589 502 1650 posce
524 1590 624 1651 opnor,
631 1589 719 1651 posce
733 1589 808 1646 oves,
826 1570 968 1632 Christus
989 1569 1095 1630 officia

110 1665 270 1744 primatus
289 1667 408 1728 definit.
425 1667 572 1729 Pontifici
583 1668 760 1747 imponitur
773 1668 957 1730 sollicitudo
971 1666 1097 1727 univer·

110 1763 205 1838 saiis3-
237 1763 267 1824 ei
292 1765 503 1826 committitur
528 1767 612 1842 salus
637 1767 802 1828 Ecclesia.
839 1766 921 1851 illud
951 1764 1093 1826 officium

111 1861 277 1922 Pontificio
301 1866 350 1923 est
379 1863 510 1924 tertium
534 1863 731 1942 principium
757 1882 820 1943 quo
840 1864 913 1943 jura
939 1863 1095 1941 primatus
1184 1887 1186 1890 ·

115 1958 380 2020 determinantur.
404 1960 543 2022 Proinde
561 1961 733 2022 dicendum
749 1966 796 2023 est
808 1981 820 2022 Ιε
841 1977 878 2022 ea
897 1961 1005 2022 omnia
1022 1963 1097 2022 sunt

111 2055 269 2134 primatus
280 2057 361 2136 jura,
376 2057 442 2120 sine
458 2059 573 2138 quibus
588 2060 670 2120 salus
681 2055 834 2122 Ecclesiae
845 2058 1027 2138 promoveri
1038 2075 1096 2118 ne-

113 2155 201 2234 quit.
601 2210 612 2236 .
1064 2233 1065 2242 .

154 2255 255 2334 Igitur
269 2256 466 2318 excludenda
480 2261 528 2317 est
544 2256 649 2317 omnis
662 2254 811 2316 limitatio
831 2271 902 2332 quae
924 2254 1012 2314 ideae
1033 2243 1098 2330 pri-

115 2357 223 2414 matus
236 2353 281 2414 sie
295 2353 468 2432 propositae
492 2371 531 2414 ex
551 2351 655 2414 verbis
674 2351 789 2412 Christi
815 2351 898 2411 inter
921 2367 955 2410 se
976 2349 1098 2412 collatis

114 2451 310 2514 adversatur.

335 2638 360 2686 2.
382 2637 419 2686 De
429 2635 548 2686 exercitio
560 2633 691 2697 pontificiae
702 2631 831 2695 potestatis
842 2633 884 2693 (t).

159 2786 368 2858 Quantumvis
392 2786 590 2848 illimitatum
614 2785 654 2848 sit
665 2785 717 2864 jus
732 2783 898 2864 primatus,
911 2785 1021 2842 tamen
1036 2796 1101 2840 non

117 2883 215 2946 deest
232 2883 440 2946 moderamen
449 2884 482 2944 in
495 2883 647 2946 exercitio
660 2879 834 2963 pontificiae
850 2877 1027 2959 potestatis.

158 2981 186 3041 Ι.
206 2979 328 3062 Repertis
341 2983 523 3044 continetur
535 2981 596 3045 ista
613 2985 765 3061 potestas.

161 3079 194 3137 i·
210 3081 329 3140 Norma
346 3081 523 3142 desumitur
534 3098 572 3142 ex
582 3079 704 3156 origine
718 3081 750 3139 et
761 3077 823 3136 fine
836 3073 1003 3153 primatus.
1015 3073 1105 3134 Sum-

121 3193 196 3236 mus
210 3176 369 3253 Pontifex,
387 3177 502 3239 Christi
519 3175 665 3250 vicarius,
686 3173 863 3235 Ecclesiam
875 3167 954 3250 regit
975 3168 1105 3230 nominc
1127 3182 1128 3187 ’
1183 3186 1186 3192 ·

119 3274 200 3352 Dei;
215 3281 263 3337 est
276 3275 485 3355 dispensator,
499 3291 565 3334 non
577 3271 726 3332 dominus
740 3267 919 3330 celestium
932 3266 1104 3328 honorum.

162 3375 193 3434 2.
209 3373 324 3434 Modus
351 3373 473 3453 positus
500 3375 547 3432 est
577 3369 634 3428 illo
663 3366 776 3446 spiritu
806 3363 1062 3446 mansuetudinis
1078 3368 1109 3424 et

154 3522 192 3585 (l)
206 3523 320 3586 Berardi,
332 3521 520 3572 Commentario
529 3521 555 3569 in
562 3519 609 3583 jas
621 3517 824 3577 ecclesiasticum,
834 3522 856 3566 t.
867 3515 887 3577 I,
899 3515 998 3566 dissert.
1014 3517 1049 3564 ii.
