2630 4250
517 229 590 274 PARS
612 227 776 272 SPEGIALIS.
1080 227 1133 272 iii

155 363 318 425 nunquam
329 346 493 408 definitiva
506 345 567 406 fnit
579 340 714 424 alicujus
724 343 874 423 Episcopi
890 343 1059 422 depositio,
1076 343 1135 406 nisi

157 445 344 507 sententiam
371 445 590 506 confirmasset
611 445 650 504 ll.
669 441 831 503 Pontifex.
853 475 893 488 --
906 443 995 503 Nunc
1016 461 1055 503 ex
1066 442 1137 522 jure

157 542 342 604 Tridentino
363 563 377 598 u
390 541 690 602 causaecriminales
705 540 860 619 grauiores
873 545 984 602 contra
1004 540 1138 617 Episco-

157 659 213 717 pos
225 665 243 697 s
257 643 290 702 S.
302 641 378 702 Sedi
391 645 465 700 sunt
476 630 654 700 reservate.

197 740 247 800 lli.
263 738 400 798 Potestas
412 735 591 798 destituendi
596 736 759 816 Episcopos
771 731 859 796 etiam
869 737 974 797 inuitos
978 754 1036 816 pro
1049 733 1141 795 solute

157 835 367 898 Ecclessizrnm.
384 869 424 880 —
439 835 472 896 Si
488 833 646 914 ejusmodi
660 834 724 894 sint
737 839 922 912 temporum
933 834 1139 895 ¹circumsten-

158 935 221 1009 tie,
249 941 284 995 ut
305 935 387 996 salus
405 933 621 996 Ecclesiarum
636 931 847 1009 periclitetur,
874 931 936 990 nisi
964 931 1139 1009 Episcopus

158 1033 231 1093 loco
249 1027 399 1104 cesserit3
414 1049 444 1090 v.
461 1049 489 1109 g.
509 1031 534 1090 si
553 1035 686 1107 propter
698 1033 782 1090 ortas
805 1027 1062 1106 perturbationes
1072 1029 1140 1108 jam

157 1132 294 1206 nequeat
303 1127 371 1206 ipse
384 1127 549 1188 dioeoesim
560 1143 650 1188 suam
663 1142 786 1204 regere,
802 1141 907 1204 neque
918 1125 1066 1204 affulgeat
1077 1126 1140 1185 ulla

157 1243 233 1304 spes
251 1226 375 1287 animos
393 1225 625 1304 componendi3
651 1221 728 1287 tunc
752 1223 930 1302 Episcopus
952 1223 1140 1302 debctEpi-

160 1328 325 1400 scopatum
343 1328 457 1400 sponte
481 1323 655 1396 dimittere,
674 1339 749 1382 nam
763 1321 883 1382 honum
897 1319 1063 1399 publicum
1080 1321 1140 1382 Ec·

159 1419 265 1480 clesim
276 1421 399 1499 privetu
411 1419 561 1498 Episcopi
572 1418 659 1481 bono
672 1419 908 1497 preferendum
922 1423 980 1478 est.-
1161 1485 1163 1490 ,

199 1517 233 1578 Si
249 1533 323 1578 vero
343 1517 530 1594 Episcopus,
553 1517 671 1578 nullius
695 1517 797 1594 onlpae
815 1533 900 1590 reus,
915 1515 1141 1594 Episcopatum
1169 1528 1176 1545 ·

159 1613 325 1674 dimittere
342 1621 465 1689 renuat,
483 1615 632 1674 Summus
644 1613 789 1674 Pontifex
809 1617 914 1690 potest
927 1613 1032 1690 ipsum
1047 1612 1142 1674 etiam

157 1710 297 1772 inritum
316 1711 488 1772 destituere
505 1711 547 1773 ob
558 1711 721 1790 publicam
740 1725 880 1772 cansam.
895 1712 1096 1772 Hocconstat
1107 1727 1142 1772 ex

159 1806 263 1868 verbis
290 1807 422 1868 Consilii
447 1809 623 1869 Tridentini
637 1808 672 1870 de
692 1807 798 1890 Officii
812 1815 842 1869 et
855 1815 1010 1888 potestate,
1028 1808 1144 1886 quibus

162 1906 323 1964 Romanus
338 1904 481 1966 Pontifex
492 1905 626 1968 idoneos
641 1907 817 1985 Episcopos
830 1907 994 1984 praeficere
1008 1905 1104 1967 debet
1114 1911 1145 1967 et
1182 1904 1184 1908 ’

163 1999 323 2082 legitimos
341 2002 491 2078 instituit3
508 2003 660 2065 nimirum
674 2004 728 2065 ubi
744 1999 920 2082 Episcopus
934 2004 1063 2066 dioecesi
1079 2022 1143 2073 suae

164 2099 276 2158 noxius
293 2106 483 2176 removetur,
509 2101 607 2164 illius·
619 2117 784 2163 successor
798 2102 946 2180 legitime·
955 2101 1142 2176 instituitur,

164 2194 323 2272 siquidem
342 2197 460 2258 deiide
478 2204 525 2260 est
540 2200 715 2284 Episcopos
732 2199 787 2277 qui
802 2200 993 2260 auctoritate
1009 2198 1144 2259 Romani

164 2291 326 2356 Pontificis
341 2300 544 2356 assumuntur
560 2313 628 2357 esse
638 2296 809 2373 legitimos.
825 2297 960 2358 Accedit
977 2296 1038 2356 alia
1050 2295 1142 2357 ratio

166 2391 294 2452 Certum
307 2397 353 2453 est
367 2393 450 2470 apud
462 2391 648 2466 catholicos,
663 2393 832 2457 Summum
842 2393 1145 2454 Pontificemdivino

161 2489 233 2566 jure
244 2489 408 2550 nihilnon
423 2503 525 2568 posse,
539 2491 625 2568 quod
638 2489 677 2550 ad
692 2489 842 2551 Ecclesiae
855 2489 1010 2552 unitatem
1024 2505 1148 2550 servan-

163 2584 239 2645 dam
261 2588 309 2647 vel
332 2587 564 2648 restituendam
586 2587 753 2648 conducat.
778 2579 877 2666 Igitur
904 2587 945 2648 ob
968 2587 1147 2646 animarum

162 2683 307 2760 pericula
327 2684 548 2762 praeditus-est
578 2689 736 2764 potestate
755 2683 949 2745 destituendi
972 2682 1147 2760 Episcopos

164 2780 264 2842 etiam
275 2782 400 2844 invitos.

208 2879 270 2940 Sed
284 2879 495 2959 illud-poterit
503 2879 655 2959 injustum
670 2877 782 2952 videri,
796 2877 881 2956 quod
892 2893 985 2956 penna
995 2875 1150 2937 afficiatur

163 2976 345 3056 Episcopus
366 2977 418 3058 qui
443 2993 507 3038 non
521 2993 523 3000 ’
538 2976 683 3054 deliquit.
709 2975 939 3036 oitfieultatem
964 2961 1166 3036 solvit-hacc

161 3076 276 3152 regula
285 3075 375 3152 juris,
387 3077 438 3136 nui
452 3074 942 3138 mirifieeennsencitdoctrinas.
954 3071 1105 3151 Thomas(
1125 3071 1148 3150 ),

163 3171 293 3236 scilicet
312 3191 319 3233 :
341 3195 355 3230 n
371 3175 444 3236 Sine
457 3175 560 3252 culpa,
576 3173 638 3233 nisi
655 3173 757 3234 subsit
771 3189 875 3248 causa,
896 3191 961 3233 non
974 3176 1021 3234 cst
1036 3169 1151 3248 aliquis

163 3270 389 3350 puniendus.»
412 3274 494 3350 Ergo
523 3272 549 3330 si
573 3287 667 3347 causa
691 3269 803 3345 subsit,
830 3269 945 3352 aliquis
968 3269 1065 3330 etiam
1084 3267 1152 3329 sine

199 3417 235 3476 (l)
247 3417 271 3466 S.
285 3417 392 3466 'flumas
411 3419 441 3474 ti,
452 3419 477 3476 2,
489 3427 516 3476 q.
528 3416 582 3472 108,
596 3421 643 3463 art.
657 3415 683 3478 l)
694 3431 726 3461 ει
742 3417 819 3463 Poena
833 3416 966 3478 dupliciter
976 3419 1058 3476 potest
1072 3413 1153 3464 cousi·

164 3496 264 3546 dei-eri.
285 3497 340 3546 Uno
350 3495 423 3545 modo
439 3495 577 3544 secundum
587 3495 709 3544 rationem
718 3507 812 3556 ‘poenae,
821 3501 847 3542 et
864 3495 1003 3547 pectendum
1017 3487 1153 3570 hoexpoena

164 3587 220 3624 non
235 3575 342 3626 debetur
356 3577 405 3624 nisi
424 3581 537 3635 peccato,
548 3575 608 3634 quin
617 3588 661 3635 per
673 3587 772 3636 pennam
785 3579 917 3636 reparetur
929 3576 1061 3635 aeqnulites
1077 3573 1152 3634 insti-
