2630 4250
216 200 268 246 186
389 197 546 244 EXPOSITIO
567 197 745 242 uurnoomn
766 197 848 242 lunis
871 195 1026 240 CrtNONICl.

552 391 576 439 1.
595 387 698 450 Negotia
709 388 844 450 prohibita.

252 539 464 601 Prohibentur
485 538 613 615 negotia
627 539 790 599 saecularia
806 557 877 618 quae
894 540 1017 600 clerum
1030 536 1079 597 vel
1092 534 1189 594 dede-

213 641 287 699 cent
313 637 363 698 vel
389 635 485 698 nimis
515 627 713 711 distrahunt,
731 635 821 716 juxta
849 636 982 698 verbum
1009 634 1040 695 S.
1066 631 1151 693 Pauli
1180 648 1186 688 :

218 735 349 794 «Nemo
377 733 516 794 militans
547 735 613 794 Deo
638 732 782 810 implicat
809 750 842 794 se
872 731 1007 812 negotiis
1036 726 1190 790 saeculari-

213 832 272 892 hus
289 829 378 911 (l).r

253 930 289 990 In
306 928 413 1008 specie
426 927 637 1006 prohibentur
655 947 662 989 :
1085 977 1090 990 ,

253 1028 277 1088 Ι.
307 1025 476 1106 Negotiatio
501 1025 630 1104 proprie
659 1025 754 1100 dicta,
786 1043 849 1104 qua
876 1041 925 1086 res
950 1023 1066 1084 minori
1091 1021 1192 1100 pretio

216 1129 376 1200 emuntur,
393 1127 428 1184 ut
449 1141 523 1186 cum
537 1125 626 1184 lucro
647 1123 834 1198 vendantur,
852 1123 916 1184 sive
940 1121 1077 1183 cler-icus
1091 1137 1149 1198 per
1162 1134 1192 1178 se

148 1233 151 1238 '
215 1223 279 1284 sive
297 1239 354 1301 per
367 1221 446 1284 alios
460 1221 708 1300 negotiationem
729 1226 882 1282 exerceat.
900 1217 1143 1297 IdJintelligitur
1156 1215 1193 1276 de

215 1320 429 1399 negotiatione
452 1319 619 1395 lucrativo;
638 1337 703 1380 non
720 1337 796 1382 vero
819 1318 932 1380 illicita
956 1322 1003 1379 est
1020 1312 1195 1395 negotiatio

215 1419 396 1494 oeconomico,
414 1436 475 1496 qua
488 1417 621 1480 clericus
637 1419 756 1480 tructus
767 1434 805 1480 ex
819 1415 950 1496 proprio
967 1415 1066 1476 tundo
1081 1413 1197 1476 collec-

216 1523 264 1578 tos
284 1516 394 1577 vendit
409 1515 462 1595 (il.

255 1613 293 1674 ll.
311 1611 420 1693 Officio
433 1611 576 1672 militaria
593 1619 623 1674 et
642 1611 778 1687 curialia,
795 1611 945 1672 videlicet
958 1626 999 1670 ne
1014 1607 1126 1670 clerici
1142 1623 1196 1666 no·

215 1708 341 1784 tarium,
354 1715 594 1788 procuratorem
608 1709 656 1771 vel
668 1710 856 1772 advocatum
867 1712 962 1788 agant
971 1722 1081 1771 coram
1090 1703 1197 1784 judice

214 1806 309 1881 laico,
323 1807 384 1866 nisi
398 1809 562 1886 propriam
574 1825 713 1882 causam,
727 1808 777 1868 vel
788 1806 940 1870 Ecclesiae
954 1810 1010 1867 aut
1021 1815 1199 1884 pauperum
1282 1791 1289 1808 ¹

151 1919 156 1928 ·
216 1919 344 1965 causam
357 1909 602 1982 prosequantur.

255 1999 307 2060 lll.
325 1997 439 2058 Promis
452 1998 614 2080 chirurgio
631 2009 659 2062 et
674 1999 834 2077 medicine,
851 2001 947 2064 etiam
962 2000 1030 2061 sine
1044 1998 1200 2060 incisione

216 2098 264 2160 vel
289 2097 475 2174 adustione,
510 2098 635 2160 clericis
656 2100 834 2178 praesertim
861 2100 1019 2180 majorum
1052 2097 1202 2160 ordinum

216 2194 406 2276 prohibetur
418 2198 487 2256 tum
501 2195 542 2258 oh
555 2196 734 2274 periculum
751 2197 1005 2278 irregularitatis,
1018 2201 1089 2258 tum
1101 2193 1142 2257 ob
1154 2195 1203 2254 in-

218 2285 409 2356 decentiam.
433 2293 465 2354 si
486 2311 561 2356 vero
584 2299 668 2356 artes
682 2295 758 2356 istas
775 2299 945 2358 exerceant
957 2311 1031 2356 cum
1046 2292 1202 2355 incisione

218 2394 272 2450 aut
300 2391 480 2468 adustione,
508 2393 587 2454 fiunt
611 2391 811 2472 irregulares,
838 2393 1013 2454 dummodo
1035 2408 1123 2452 mors
1149 2396 1203 2452 aut

219 2489 378 2552 mutilatio
398 2495 557 2569 sequatur.
583 2492 734 2553 Attamen
755 2491 890 2558 clericus
912 2491 1043 2572 peritus,
1068 2489 1204 2552 medici-

218 2603 292 2648 nam
313 2587 381 2648 sine
403 2587 558 2650 incisione
582 2589 632 2650 vel
656 2587 822 2650 adustione
845 2605 1004 2663 exercens,
1035 2593 1207 2650 excusatur

218 2685 267 2746 vel
281 2685 315 2744 in
328 2703 402 2746 casu
418 2685 615 2748 necessitatis
636 2687 684 2748 vel
702 2704 740 2748 ex
756 2703 850 2747 causa
863 2685 989 2764 pietatis
1004 2703 1078 2765 erga
1091 2701 1205 2766 perso·

219 2795 276 2837 nas
290 2778 485 2839 miserabiles
500 2778 555 2858 (3).
578 2857 582 2864 .
682 2775 684 2789 '

251 2948 283 3005 (1)
296 2944 317 2994 ll
327 2945 392 2995 Tim.
408 2959 438 3006 11,
448 2948 472 2995 t.
485 2971 515 2982 -
527 2946 576 2996 Tit.
591 2959 614 3006 t,
630 2947 688 2996 libri
706 2946 741 2998 lll
758 2947 928 2997 Decretulium
948 2963 985 2997 :«
1002 2949 1038 2996 Ne
1059 2946 1144 2996 clerici
1167 2950 1206 2997 rel

219 3024 334 3076 monachi
346 3024 509 3074 secularibus
519 3025 625 3088 negotiis
634 3039 661 3075 aa
674 3027 839 3076 immisceant.
852 3043 865 3072 a

250 3107 281 3166 (2)
293 3107 316 3154 Χ
329 3106 383 3166 (ΙΙΙ,
398 3107 446 3165 50).
459 3131 487 3140 -
501 3105 633 3155 Clementis
651 3106 708 3156 Xlll
725 3109 825 3170 Encycl.
844 3107 907 3158 Cum
928 3107 1048 3171 primum.
1072 3132 1105 3154 -a
1127 3107 1206 3156 Bene·

221 3183 282 3233 dicti
299 3185 352 3232 XIV
366 3184 514 3234 constitutio
524 3184 665 3234 Set-vitulis.

252 3262 289 3326 (3)
302 3264 439 3314 Concilium
460 3266 625 3315 Lateranense
647 3265 676 3316 ll.
695 3291 726 3304 -
746 3266 769 3314 X
788 3265 844 3328 (ΙΙΙ,
859 3267 909 3330 50).
922 3291 952 3301 -
976 3263 1210 3326 Sclunelzgrucber,

222 3341 281 3391 idid.
293 3369 323 3376 —
334 3345 483 3393 Benedictus
494 3345 550 3393 XlV
559 3344 591 3394 de
602 3345 704 3409 Syacdo
718 3345 866 3404 dt'oeeesaau,
878 3346 918 3396 lib.
930 3344 995 3402 Xlll,
1010 3357 1066 3404 cup.
1084 3357 1109 3392 x.
